
@article{dummy,
  title={GUESS: GradUally Enriching SyntheSis for Text-Driven Human Motion Generation},
  author={Gao, Xuehao and Yang, Yang and Xie, Zhenyu and Du, Shaoyi and Sun, Zhongqian and Wu, Yang},
  journal={IEEE Transactions on Visualization and Computer Graphics},
  year={2024},
  publisher={IEEE}
}


@article{guess,
  title={GUESS: GradUally Enriching SyntheSis for Text-Driven Human Motion Generation},
  author={Gao, Xuehao and Yang, Yang and Xie, Zhenyu and Du, Shaoyi and Sun, Zhongqian and Wu, Yang},
  journal={IEEE Transactions on Visualization and Computer Graphics},
  year={2024},
  publisher={IEEE}
}





@article{act-recog,
  author       = {Yanan Liu and
                  Hao Zhang and
                  Yanqiu Li and
                  Kangjian He and
                  Dan Xu},
  title        = {Skeleton-based Human Action Recognition via Large-kernel Attention
                  Graph Convolutional Network},
  journal      = {IEEE Transactions on Visualization and Computer Graphics},
  volume       = {29},
  number       = {5},
  pages        = {2575--2585},
  year         = {2023},
  url          = {https://doi.org/10.1109/TVCG.2023.3247075},
  doi          = {10.1109/TVCG.2023.3247075}
}



@article{manifold-human-motion,
  author       = {He Wang and
                  Edmond S. L. Ho and
                  Hubert P. H. Shum and
                  Zhanxing Zhu},
  title        = {Spatio-Temporal Manifold Learning for Human Motions via Long-Horizon
                  Modeling},
  journal      = {IEEE Transactions on Visualization and Computer Graphics},
  volume       = {27},
  number       = {1},
  pages        = {216--227},
  year         = {2021},
  url          = {https://doi.org/10.1109/TVCG.2019.2936810},
  doi          = {10.1109/TVCG.2019.2936810}
}


@article{rnn-adv-human-motion,
  author       = {Zhiyong Wang and
                  Jinxiang Chai and
                  Shihong Xia},
  title        = {Combining Recurrent Neural Networks and Adversarial Training for Human
                  Motion Synthesis and Control},
  journal      = {IEEE Transactions on Visualization and Computer Graphics},
  volume       = {27},
  number       = {1},
  pages        = {14--28},
  year         = {2021},
  url          = {https://doi.org/10.1109/TVCG.2019.2938520},
  doi          = {10.1109/TVCG.2019.2938520}
}


@article{music-motion,
  author       = {Andreas Aristidou and
                  Anastasios Yiannakidis and
                  Kfir Aberman and
                  Daniel Cohen{-}Or and
                  Ariel Shamir and
                  Yiorgos Chrysanthou},
  title        = {Rhythm is a Dancer: Music-Driven Motion Synthesis With Global Structure},
  journal      = {IEEE Transactions on Visualization and Computer Graphics},
  volume       = {29},
  number       = {8},
  pages        = {3519--3534},
  year         = {2023},
  url          = {https://doi.org/10.1109/TVCG.2022.3163676},
  doi          = {10.1109/TVCG.2022.3163676}
}


@article{finestyle,
  author       = {Wenfeng Song and
                  Xingliang Jin and
                  Shuai Li and
                  Chenglizhao Chen and
                  Aimin Hao and
                  Xia Hou},
  title        = {FineStyle: Semantic-Aware Fine-Grained Motion Style Transfer with
                  Dual Interactive-Flow Fusion},
  journal      = {IEEE Transactions on Visualization and Computer Graphics},
  volume       = {29},
  number       = {11},
  pages        = {4361--4371},
  year         = {2023},
  url          = {https://doi.org/10.1109/TVCG.2023.3320216},
  doi          = {10.1109/TVCG.2023.3320216}
}



@article{motion-synthesis-survey,
  title={Machine learning approaches for 3D motion synthesis and musculoskeletal dynamics estimation: A Survey},
  author={Loi, Iliana and Zacharaki, Evangelia I and Moustakas, Konstantinos},
  journal={IEEE Transactions on Visualization and Computer Graphics},
  year={2023},
  publisher={IEEE}
}


@article{hvtr,
  title={HVTR++: Image and Pose Driven Human Avatars using Hybrid Volumetric-Textural Rendering},
  author={Hu, Tao and Xu, Hongyi and Luo, Linjie and Yu, Tao and Zheng, Zerong and Zhang, He and Liu, Yebin and Zwicker, Matthias},
  journal={IEEE Transactions on Visualization and Computer Graphics},
  year={2023},
  publisher={IEEE}
}


@article{assist-walk,
  author       = {Yann Moullec and
                  M{\'{e}}lanie Cogn{\'{e}} and
                  Justine Saint{-}Aubert and
                  Anatole L{\'{e}}cuyer},
  title        = {Assisted walking-in-place: Introducing assisted motion to walking-by-cycling
                  in embodied virtual reality},
  journal      = {IEEE Transactions on Visualization and Computer Graphics},
  volume       = {29},
  number       = {5},
  pages        = {2796--2805},
  year         = {2023},
  url          = {https://doi.org/10.1109/TVCG.2023.3247070},
  doi          = {10.1109/TVCG.2023.3247070}
}


@article{stylevr,
  title={StyleVR: Stylizing Character Animations with Normalizing Flows},
  author={Ji, Bin and Pan, Ye and Yan, Yichao and Chen, Ruizhao and Yang, Xiaokang},
  journal={IEEE Transactions on Visualization and Computer Graphics},
  year={2023},
  publisher={IEEE}
}


@article{pace,
  author       = {James F. Mullen Jr. and
                  Dinesh Manocha},
  title        = {{PACE:} Data-Driven Virtual Agent Interaction in Dense and Cluttered
                  Environments},
  journal      = {IEEE Transactions on Visualization and Computer Graphics},
  volume       = {29},
  number       = {5},
  pages        = {2536--2546},
  year         = {2023},
  url          = {https://doi.org/10.1109/TVCG.2023.3247054},
  doi          = {10.1109/TVCG.2023.3247054}
}








@inproceedings{fg-t2m,
  author       = {Yin Wang and
                  Zhiying Leng and
                  Frederick W. B. Li and
                  Shun{-}Cheng Wu and
                  Xiaohui Liang},
  title        = {Fg-T2M: Fine-Grained Text-Driven Human Motion Generation via Diffusion
                  Model},
  booktitle    = {{IEEE/CVF} International Conference on Computer Vision, {ICCV} 2023,
                  Paris, France, October 1-6, 2023},
  pages        = {21978--21987},
  publisher    = {{IEEE}},
  year         = {2023},
  url          = {https://doi.org/10.1109/ICCV51070.2023.02014},
  doi          = {10.1109/ICCV51070.2023.02014}
}


@article{survey-2023,
  title={Human motion generation: A survey},
  author={Zhu, Wentao and Ma, Xiaoxuan and Ro, Dongwoo and Ci, Hai and Zhang, Jinlu and Shi, Jiaxin and Gao, Feng and Tian, Qi and Wang, Yizhou},
  journal={IEEE Transactions on Pattern Analysis and Machine Intelligence},
  year={2023},
  publisher={IEEE}
}


@inproceedings{actformer,
  author       = {Liang Xu and
                  Ziyang Song and
                  Dongliang Wang and
                  Jing Su and
                  Zhicheng Fang and
                  Chenjing Ding and
                  Weihao Gan and
                  Yichao Yan and
                  Xin Jin and
                  Xiaokang Yang and
                  Wenjun Zeng and
                  Wei Wu},
  title        = {ActFormer: {A} GAN-based Transformer towards General Action-Conditioned
                  3D Human Motion Generation},
  booktitle    = {{IEEE/CVF} International Conference on Computer Vision, {ICCV} 2023,
                  Paris, France, October 1-6, 2023},
  pages        = {2228--2238},
  publisher    = {{IEEE}},
  year         = {2023},
  url          = {https://doi.org/10.1109/ICCV51070.2023.00212},
  doi          = {10.1109/ICCV51070.2023.00212}
}

@article{smpl,
      author = {Loper, Matthew and Mahmood, Naureen and Romero, Javier and Pons-Moll, Gerard and Black, Michael J.},
      title = {{SMPL}: A Skinned Multi-Person Linear Model},
      journal = {ACM Trans. Graphics (Proc. SIGGRAPH Asia)},
      month = oct,
      number = {6},
      pages = {248:1--248:16},
      publisher = {ACM},
      volume = {34},
      year = {2015}
    }

@article{fuzzy-trig,
  author       = {Honghai Liu and
                  George Macleod Coghill and
                  Dave P. Barnes},
  title        = {Fuzzy qualitative trigonometry},
  journal      = {Int. J. Approx. Reason.},
  volume       = {51},
  number       = {1},
  pages        = {71--88},
  year         = {2009},
  url          = {https://doi.org/10.1016/j.ijar.2009.07.003},
  doi          = {10.1016/J.IJAR.2009.07.003},
  bibsource    = {dblp computer science bibliography, https://dblp.org}
}














@article{survey,
  author       = {Wentao Zhu and
                  Xiaoxuan Ma and
                  Dongwoo Ro and
                  Hai Ci and
                  Jinlu Zhang and
                  Jiaxin Shi and
                  Feng Gao and
                  Qi Tian and
                  Yizhou Wang},
  title        = {Human Motion Generation: {A} Survey},
  journal      = {CoRR},
  volume       = {abs/2307.10894},
  year         = {2023},
  url          = {https://doi.org/10.48550/arXiv.2307.10894},
  doi          = {10.48550/ARXIV.2307.10894},
  eprinttype    = {arXiv},
  eprint       = {2307.10894}
}


@inproceedings{cvae_1,
  author       = {Chongyang Zhong and
                  Lei Hu and
                  Zihao Zhang and
                  Shihong Xia},

  title        = {Learning Uncoupled-Modulation {CVAE} for 3D Action-Conditioned Human
                  Motion Synthesis},
  booktitle    = {Computer Vision - {ECCV} 2022 - 17th European Conference, Tel Aviv,
                  Israel, October 23-27, 2022, Proceedings, Part {XXI}},
  series       = {Lecture Notes in Computer Science},
  volume       = {13681},
  pages        = {716--732},
  publisher    = {Springer},
  year         = {2022},
  url          = {https://doi.org/10.1007/978-3-031-19803-8\_42},
  doi          = {10.1007/978-3-031-19803-8\_42}
}

@inproceedings{cvae_2,
  author       = {Chuan Guo and
                  Xinxin Zuo and
                  Sen Wang and
                  Shihao Zou and
                  Qingyao Sun and
                  Annan Deng and
                  Minglun Gong and
                  Li Cheng},
  title        = {Action2Motion: Conditioned Generation of 3D Human Motions},
  booktitle    = {{MM} '20: The 28th {ACM} International Conference on Multimedia, Virtual
                  Event / Seattle, WA, USA, October 12-16, 2020},
  pages        = {2021--2029},
  publisher    = {{ACM}},
  year         = {2020},
  url          = {https://doi.org/10.1145/3394171.3413635},
  doi          = {10.1145/3394171.3413635}
}

@inproceedings{cvae_3,
  author       = {Jianrong Zhang and
                  Yangsong Zhang and
                  Xiaodong Cun and
                  Yong Zhang and
                  Hongwei Zhao and
                  Hongtao Lu and
                  Xi Shen and
                  Shan Ying},
  title        = {Generating Human Motion from Textual Descriptions with Discrete Representations},
  booktitle    = {{IEEE/CVF} Conference on Computer Vision and Pattern Recognition,
                  {CVPR} 2023, Vancouver, BC, Canada, June 17-24, 2023},
  pages        = {14730--14740},
  publisher    = {{IEEE}},
  year         = {2023},
  url          = {https://doi.org/10.1109/CVPR52729.2023.01415},
  doi          = {10.1109/CVPR52729.2023.01415},
  timestamp    = {Tue, 29 Aug 2023 15:44:40 +0200},
  biburl       = {https://dblp.org/rec/conf/cvpr/ZhangZCZZLSY23.bib},
  bibsource    = {dblp computer science bibliography, https://dblp.org}
}


@article{gan-1,
  author       = {Deepak Kumar Jain and
                  Masoumeh Zareapoor and
                  Rachna Jain and
                  Abhishek Kathuria and
                  Shivam Bachhety},
  title        = {GAN-Poser: an improvised bidirectional {GAN} model for human motion
                  prediction},
  journal      = {Neural Comput. Appl.},
  volume       = {32},
  number       = {18},
  pages        = {14579--14591},
  year         = {2020},
  url          = {https://doi.org/10.1007/s00521-020-04941-4},
  doi          = {10.1007/S00521-020-04941-4}
}

@inproceedings{gan-2,
  author       = {Ayumi Shiobara and Makoto Murakami},
  title        = {Human Motion Generation using Wasserstein {GAN}},
  booktitle    = {{ICDSP} 2021: 5th International Conference on Digital Signal Processing,
                  Chengdu, China, February 26-28, 2021},
  pages        = {278--282},
  publisher    = {{ACM}},
  year         = {2021},
  url          = {https://doi.org/10.1145/3458380.3458428},
  doi          = {10.1145/3458380.3458428}
}



@inproceedings{gan-3,
author = {Shiobara, Ayumi and Murakami, Makoto},
title = {Human Motion Generation Using Wasserstein GAN},
year = {2021},
isbn = {9781450389365},
publisher = {Association for Computing Machinery},
address = {New York, NY, USA},
url = {https://doi.org/10.1145/3458380.3458428},
doi = {10.1145/3458380.3458428},
booktitle = {Proceedings of the 2021 5th International Conference on Digital Signal Processing},
pages = {278–282},
numpages = {5},
keywords = {character animation, human motion generative model, machine learning, generative adversarial networks neural network, computer graphics},
location = {Chengdu, China},
series = {ICDSP '21}
}


@inproceedings{normflows_1,
  author       = {Wenjie Yin and
                  Hang Yin and
                  Danica Kragic and
                  M{\aa}rten Bj{\"{o}}rkman},
  title        = {Graph-based Normalizing Flow for Human Motion Generation and Reconstruction},
  booktitle    = {30th {IEEE} International Conference on Robot {\&} Human Interactive
                  Communication, {RO-MAN} 2021, Vancouver, BC, Canada, August 8-12,
                  2021},
  pages        = {641--648},
  publisher    = {{IEEE}},
  year         = {2021},
  url          = {https://doi.org/10.1109/RO-MAN50785.2021.9515316},
  doi          = {10.1109/RO-MAN50785.2021.9515316}
}

@inproceedings{normflows_2,
  author       = {Ye Yuan and
                  Kris Kitani},
  title        = {DLow: Diversifying Latent Flows for Diverse Human Motion Prediction},
  booktitle    = {Computer Vision - {ECCV} 2020 - 16th European Conference, Glasgow,
                  UK, August 23-28, 2020, Proceedings, Part {IX}},
  series       = {Lecture Notes in Computer Science},
  volume       = {12354},
  pages        = {346--364},
  publisher    = {Springer},
  year         = {2020},
  url          = {https://doi.org/10.1007/978-3-030-58545-7\_20},
  doi          = {10.1007/978-3-030-58545-7\_20}
}


@inproceedings{motgraph_1,
  author       = {Chenchen Liu and
                  Yadong Mu},
  title        = {Searching Motion Graphs for Human Motion Synthesis},
  booktitle    = {{MM} '21: {ACM} Multimedia Conference, Virtual Event, China, October
                  20 - 24, 2021},
  pages        = {871--879},
  publisher    = {{ACM}},
  year         = {2021},
  url          = {https://doi.org/10.1145/3474085.3475264},
  doi          = {10.1145/3474085.3475264}
}

@article{motgraph_2,
  author       = {Kang Chen and
                  Zhipeng Tan and
                  Jin Lei and
                  Song{-}Hai Zhang and
                  Yuan{-}Chen Guo and
                  Weidong Zhang and
                  Shi{-}Min Hu},
  title        = {ChoreoMaster: choreography-oriented music-driven dance synthesis},
  journal      = {{ACM} Trans. Graph.},
  volume       = {40},
  number       = {4},
  pages        = {145:1--145:13},
  year         = {2021},
  url          = {https://doi.org/10.1145/3450626.3459932},
  doi          = {10.1145/3450626.3459932},
  timestamp    = {Fri, 10 Nov 2023 21:09:28 +0100},
  biburl       = {https://dblp.org/rec/journals/tog/ChenTLZGZ021.bib},
  bibsource    = {dblp computer science bibliography, https://dblp.org}
}

@inproceedings{ddpm_1,
  title={Fg-t2m: Fine-grained text-driven human motion generation via diffusion model},
  author={Wang, Yin and Leng, Zhiying and Li, Frederick WB and Wu, Shun-Cheng and Liang, Xiaohui},
  booktitle={Proceedings of the IEEE/CVF International Conference on Computer Vision},
  pages={22035--22044},
  year={2023}
}

@inproceedings{ddpm_2,
  title={Guided motion diffusion for controllable human motion synthesis},
  author={Karunratanakul, Korrawe and Preechakul, Konpat and Suwajanakorn, Supasorn and Tang, Siyu},
  booktitle={Proceedings of the IEEE/CVF International Conference on Computer Vision},
  pages={2151--2162},
  year={2023}
}


@inproceedings{text_1,
  author       = {Ping Yu and
                  Yang Zhao and
                  Chunyuan Li and
                  Junsong Yuan and
                  Changyou Chen},

  title        = {Structure-Aware Human-Action Generation},
  booktitle    = {Computer Vision - {ECCV} 2020 - 16th European Conference, Glasgow,
                  UK, August 23-28, 2020, Proceedings, Part {XXX}},
  series       = {Lecture Notes in Computer Science},
  volume       = {12375},
  pages        = {18--34},
  publisher    = {Springer},
  year         = {2020},
  url          = {https://doi.org/10.1007/978-3-030-58577-8\_2},
  doi          = {10.1007/978-3-030-58577-8\_2}
}


@inproceedings{text_2,
  author       = {Pablo Cervantes and
                  Yusuke Sekikawa and
                  Ikuro Sato and
                  Koichi Shinoda},
  title        = {Implicit Neural Representations for Variable Length Human Motion Generation},
  booktitle    = {Computer Vision - {ECCV} 2022 - 17th European Conference, Tel Aviv,
                  Israel, October 23-27, 2022, Proceedings, Part {XVII}},
  series       = {Lecture Notes in Computer Science},
  volume       = {13677},
  pages        = {356--372},
  publisher    = {Springer},
  year         = {2022},
  url          = {https://doi.org/10.1007/978-3-031-19790-1\_22},
  doi          = {10.1007/978-3-031-19790-1\_22}
}





@article{audio_1,
  author       = {Guofei Sun and
                  Yongkang Wong and
                  Zhiyong Cheng and
                  Mohan S. Kankanhalli and
                  Weidong Geng and
                  Xiangdong Li},
  title        = {DeepDance: Music-to-Dance Motion Choreography With Adversarial Learning},
  journal      = {IEEE Transactions on Multimedia},
  volume       = {23},
  pages        = {497--509},
  year         = {2021},
  url          = {https://doi.org/10.1109/TMM.2020.2981989},
  doi          = {10.1109/TMM.2020.2981989}
}


@inproceedings{audio_2,
  author       = {Uttaran Bhattacharya and
                  Nicholas Rewkowski and
                  Abhishek Banerjee and
                  Pooja Guhan and
                  Aniket Bera and
                  Dinesh Manocha},
  title        = {Text2Gestures: {A} Transformer-Based Network for Generating Emotive  Body Gestures for Virtual Agents},
  booktitle    = {{IEEE} Virtual Reality and 3D User Interfaces, {VR} 2021, Lisbon,
                  Portugal, March 27 - April 1, 2021},
  pages        = {160--169},
  publisher    = {{IEEE}},
  year         = {2021},
  url          = {https://doi.org/10.1109/VR50410.2021.00037},
  doi          = {10.1109/VR50410.2021.00037}
}



@ARTICLE{motion_1,
  author={Shi, Junyu and Zhong, Jianqi and Cao, Wenming},
  journal={IEEE Transactions on Multimedia}, 
  title={Multi-semantics Aggregation Network based on the Dynamic-attention Mechanism for 3D Human Motion Prediction}, 
  year={2023},
  volume={},
  number={},
  pages={1-13},
  doi={10.1109/TMM.2023.3330075}}



@inproceedings{motion_2,
  title={Diversity-promoting human motion interpolation via conditional variational auto-encoder},
  author={Gu, Chunzhi and Zhao, Shuofeng and Zhang, Chao},
  booktitle={International Workshop on Advanced Imaging Technology (IWAIT) 2022},
  volume={12177},
  pages={688--692},
  year={2022},
  organization={SPIE}
}

@inproceedings{scene_1,
  author       = {Zhe Cao and
                  Hang Gao and
                  Karttikeya Mangalam and
                  Qi{-}Zhi Cai and
                  Minh Vo and
                  Jitendra Malik},

  title        = {Long-Term Human Motion Prediction with Scene Context},
  booktitle    = {Computer Vision - {ECCV} 2020 - 16th European Conference, Glasgow,
                  UK, August 23-28, 2020, Proceedings, Part {I}},
  series       = {Lecture Notes in Computer Science},
  volume       = {12346},
  pages        = {387--404},
  publisher    = {Springer},
  year         = {2020},
  url          = {https://doi.org/10.1007/978-3-030-58452-8\_23},
  doi          = {10.1007/978-3-030-58452-8\_23}
}


@inproceedings{scene_2,
  title={Synthesizing long-term 3d human motion and interaction in 3d scenes},
  author={Wang, Jiashun and Xu, Huazhe and Xu, Jingwei and Liu, Sifei and Wang, Xiaolong},
  booktitle={Proceedings of the IEEE/CVF Conference on Computer Vision and Pattern Recognition},
  pages={9401--9411},
  year={2021}
}










@inproceedings{lang_guided_atomic_actions,
  author       = {Yuanhao Zhai and
                  Mingzhen Huang and
                  Tianyu Luan and
                  Lu Dong and
                  Ifeoma Nwogu and
                  Siwei Lyu and
                  David S. Doermann and
                  Junsong Yuan},
  title        = {Language-guided Human Motion Synthesis with Atomic Actions},
  booktitle    = {Proceedings of the 31st {ACM} International Conference on Multimedia,
                  {MM} 2023, Ottawa, ON, Canada, 29 October 2023- 3 November 2023},
  pages        = {5262--5271},
  publisher    = {{ACM}},
  year         = {2023},
  url          = {https://doi.org/10.1145/3581783.3612289},
  doi          = {10.1145/3581783.3612289}
}




@inproceedings{pose_bits,
  author       = {Gerard Pons{-}Moll and
                  David J. Fleet and
                  Bodo Rosenhahn},
  title        = {Posebits for Monocular Human Pose Estimation},
  booktitle    = {2014 {IEEE} Conference on Computer Vision and Pattern Recognition,
                  {CVPR} 2014, Columbus, OH, USA, June 23-28, 2014},
  pages        = {2345--2352},
  publisher    = {{IEEE} Computer Society},
  year         = {2014},
  url          = {https://doi.org/10.1109/CVPR.2014.300},
  doi          = {10.1109/CVPR.2014.300},
  timestamp    = {Fri, 24 Mar 2023 00:02:56 +0100},
  biburl       = {https://dblp.org/rec/conf/cvpr/Pons-MollFR14.bib},
  bibsource    = {dblp computer science bibliography, https://dblp.org}
}

@inproceedings{pose_script,
  author       = {Ginger Delmas and
                  Philippe Weinzaepfel and
                  Thomas Lucas and
                  Francesc Moreno{-}Noguer and
                  Gr{\'{e}}gory Rogez},
  title        = {PoseScript: 3D Human Poses from Natural Language},
  booktitle    = {Computer Vision - {ECCV} 2022 - 17th European Conference, Tel Aviv,
                  Israel, October 23-27, 2022, Proceedings, Part {VI}},
  series       = {Lecture Notes in Computer Science},
  volume       = {13666},
  pages        = {346--362},
  publisher    = {Springer},
  year         = {2022},
  url          = {https://doi.org/10.1007/978-3-031-20068-7\_20},
  doi          = {10.1007/978-3-031-20068-7\_20}
}



@article{sdqio,
  author       = {M. Shujah Islam and
                  Khush Bakhat and
                  Mansoor Iqbal and
                  Rashid Khan and
                  Zhongfu Ye and
                  M. Mattah Islam},
  title        = {Representation for action recognition with motion vector termed as:
                  {SDQIO}},
  journal      = {Expert Syst. Appl.},
  volume       = {212},
  pages        = {118406},
  year         = {2023},
  url          = {https://doi.org/10.1016/j.eswa.2022.118406},
  doi          = {10.1016/J.ESWA.2022.118406}
}


@article{gmr,
  author       = {Mingwei Liu and
                  Yi Zhang},
  title        = {GMNet: an action recognition network with global motion representation},
  journal      = {Int. J. Mach. Learn. Cybern.},
  volume       = {14},
  number       = {5},
  pages        = {1683--1693},
  year         = {2023},
  url          = {https://doi.org/10.1007/s13042-022-01720-6},
  doi          = {10.1007/S13042-022-01720-6}
}


@article{global_local,
  author       = {Yanpeng Qi and
                  Chen Pang and
                  Yiliang Liu and
                  Lei Lyu},
  title        = {Multi-stream Global-Local Motion Fusion Network for skeleton-based
                  action recognition},
  journal      = {Appl. Soft Comput.},
  volume       = {145},
  pages        = {110536},
  year         = {2023},
  url          = {https://doi.org/10.1016/j.asoc.2023.110536},
  doi          = {10.1016/J.ASOC.2023.110536}
}

@article{kinematic_phrases,
  author       = {Xinpeng Liu and
                  Yong{-}Lu Li and
                  Ailing Zeng and
                  Zizheng Zhou and
                  Yang You and
                  Cewu Lu},
  title        = {Bridging the Gap between Human Motion and Action Semantics via Kinematic
                  Phrases},
  journal      = {CoRR},
  volume       = {abs/2310.04189},
  year         = {2023},
  url          = {https://doi.org/10.48550/arXiv.2310.04189},
  doi          = {10.48550/ARXIV.2310.04189},
  eprinttype    = {arXiv},
  eprint       = {2310.04189}
}

@inproceedings{global_local_globalnet,
  author       = {Neeraj Battan and
                  Yudhik Agrawal and
                  Sai Soorya Rao and
                  Aman Goel and
                  Avinash Sharma},
  title        = {GlocalNet: Class-aware Long-term Human Motion Synthesis},
  booktitle    = {{IEEE} Winter Conference on Applications of Computer Vision, {WACV}
                  2021, Waikoloa, HI, USA, January 3-8, 2021},
  pages        = {878--887},
  publisher    = {{IEEE}},
  year         = {2021},
  url          = {https://doi.org/10.1109/WACV48630.2021.00092},
  doi          = {10.1109/WACV48630.2021.00092},
  timestamp    = {Sun, 02 Oct 2022 16:17:13 +0200}
}




@article{phase-function,
  author       = {Daniel Holden and
                  Oussama Kanoun and
                  Maksym Perepichka and
                  Tiberiu Popa},
  title        = {Learned motion matching},
  journal      = {{ACM} Trans. Graph.},
  volume       = {39},
  number       = {4},
  pages        = {53},
  year         = {2020},
  url          = {https://doi.org/10.1145/3386569.3392440},
  doi          = {10.1145/3386569.3392440}
}



@article{motion-words,
  author       = {Andreas Aristidou and
                  Daniel Cohen{-}Or and
                  Jessica K. Hodgins and
                  Yiorgos Chrysanthou and
                  Ariel Shamir},
  title        = {Deep motifs and motion signatures},
  journal      = {{ACM} Trans. Graph.},
  volume       = {37},
  number       = {6},
  pages        = {187},
  year         = {2018},
  url          = {https://doi.org/10.1145/3272127.3275038},
  doi          = {10.1145/3272127.3275038}
}




@inproceedings{reparam_trick,
  author       = {Diederik P. Kingma and
                  Max Welling},
  title        = {Auto-Encoding Variational Bayes},
  booktitle    = {2nd International Conference on Learning Representations, {ICLR} 2014,
                  Banff, AB, Canada, April 14-16, 2014, Conference Track Proceedings},
  year         = {2014},
  url          = {http://arxiv.org/abs/1312.6114}
}




@InProceedings{humanml3d,
    author    = {Guo, Chuan and Zou, Shihao and Zuo, Xinxin and Wang, Sen and Ji, Wei and Li, Xingyu and Cheng, Li},
    title     = {Generating Diverse and Natural 3D Human Motions From Text},
    booktitle = {Proceedings of the IEEE/CVF Conference on Computer Vision and Pattern Recognition (CVPR)},
    month     = {June},
    year      = {2022},
    pages     = {5152-5161}
}

@article{kit-ml,
  author       = {Matthias Plappert and
                  Christian Mandery and
                  Tamim Asfour},
  title        = {The {KIT} Motion-Language Dataset},
  journal      = {Big Data},
  volume       = {4},
  number       = {4},
  pages        = {236--252},
  year         = {2016},
  url          = {https://doi.org/10.1089/big.2016.0028},
  doi          = {10.1089/BIG.2016.0028}
}




@inproceedings{unified,
  author       = {Yujun Cai and
                  Yiwei Wang and
                  Yiheng Zhu and
                  Tat{-}Jen Cham and
                  Jianfei Cai and
                  Junsong Yuan and
                  Jun Liu and
                  Chuanxia Zheng and
                  Sijie Yan and
                  Henghui Ding and
                  Xiaohui Shen and
                  Ding Liu and
                  Nadia Magnenat{-}Thalmann},
  title        = {A Unified 3D Human Motion Synthesis Model via Conditional Variational
                  Auto-Encoder\({}^{\mbox{{\({_\ast}\)}}}\)},
  booktitle    = {2021 {IEEE/CVF} International Conference on Computer Vision, {ICCV}
                  2021, Montreal, QC, Canada, October 10-17, 2021},
  pages        = {11625--11635},
  publisher    = {{IEEE}},
  year         = {2021},
  url          = {https://doi.org/10.1109/ICCV48922.2021.01144},
  doi          = {10.1109/ICCV48922.2021.01144}
}




@inproceedings{lang-guided,
  author       = {Yuanhao Zhai and
                  Mingzhen Huang and
                  Tianyu Luan and
                  Lu Dong and
                  Ifeoma Nwogu and
                  Siwei Lyu and
                  David S. Doermann and
                  Junsong Yuan},
  title        = {Language-guided Human Motion Synthesis with Atomic Actions},
  booktitle    = {Proceedings of the 31st {ACM} International Conference on Multimedia,
                  {MM} 2023, Ottawa, ON, Canada, 29 October 2023- 3 November 2023},
  pages        = {5262--5271},
  publisher    = {{ACM}},
  year         = {2023},
  url          = {https://doi.org/10.1145/3581783.3612289},
  doi          = {10.1145/3581783.3612289}
}



@article{distilbert,
  author       = {Victor Sanh and
                  Lysandre Debut and
                  Julien Chaumond and
                  Thomas Wolf},
  title        = {DistilBERT, a distilled version of {BERT:} smaller, faster, cheaper
                  and lighter},
  journal      = {CoRR},
  volume       = {abs/1910.01108},
  year         = {2019},
  url          = {http://arxiv.org/abs/1910.01108},
  eprinttype    = {arXiv},
  eprint       = {1910.01108}
}



@inproceedings{temos,
  author       = {Mathis Petrovich and
                  Michael J. Black and
                  G{\"{u}}l Varol},
  title        = {{TEMOS:} Generating Diverse Human Motions from Textual Descriptions},
  booktitle    = {Computer Vision - {ECCV} 2022 - 17th European Conference, Tel Aviv,
                  Israel, October 23-27, 2022, Proceedings, Part {XXII}},
  series       = {Lecture Notes in Computer Science},
  volume       = {13682},
  pages        = {480--497},
  publisher    = {Springer},
  year         = {2022},
  url          = {https://doi.org/10.1007/978-3-031-20047-2\_28},
  doi          = {10.1007/978-3-031-20047-2\_28}
}

@inproceedings{t2m,
  author       = {Chuan Guo and
                  Shihao Zou and
                  Xinxin Zuo and
                  Sen Wang and
                  Wei Ji and
                  Xingyu Li and
                  Li Cheng},
  title        = {Generating Diverse and Natural 3D Human Motions from Text},
  booktitle    = {{IEEE/CVF} Conference on Computer Vision and Pattern Recognition,
                  {CVPR} 2022, New Orleans, LA, USA, June 18-24, 2022},
  pages        = {5142--5151},
  publisher    = {{IEEE}},
  year         = {2022},
  url          = {https://doi.org/10.1109/CVPR52688.2022.00509},
  doi          = {10.1109/CVPR52688.2022.00509}
}


@inproceedings{mdm,
  author       = {Guy Tevet and
                  Sigal Raab and
                  Brian Gordon and
                  Yonatan Shafir and
                  Daniel Cohen{-}Or and
                  Amit Haim Bermano},
  title        = {Human Motion Diffusion Model},
  booktitle    = {The Eleventh International Conference on Learning Representations,
                  {ICLR} 2023, Kigali, Rwanda, May 1-5, 2023},
  publisher    = {OpenReview.net},
  year         = {2023},
  url          = {https://openreview.net/pdf?id=SJ1kSyO2jwu}
}

@inproceedings{tm2t,
  author       = {Chuan Guo and
                  Xinxin Zuo and
                  Sen Wang and
                  Li Cheng},
  title        = {{TM2T:} Stochastic and Tokenized Modeling for the Reciprocal Generation
                  of 3D Human Motions and Texts},
  booktitle    = {Computer Vision - {ECCV} 2022 - 17th European Conference, Tel Aviv,
                  Israel, October 23-27, 2022, Proceedings, Part {XXXV}},
  series       = {Lecture Notes in Computer Science},
  volume       = {13695},
  pages        = {580--597},
  publisher    = {Springer},
  year         = {2022},
  url          = {https://doi.org/10.1007/978-3-031-19833-5\_34},
  doi          = {10.1007/978-3-031-19833-5\_34}
}


@inproceedings{mld,
  author       = {Xin Chen and
                  Biao Jiang and
                  Wen Liu and
                  Zilong Huang and
                  Bin Fu and
                  Tao Chen and
                  Gang Yu},
  title        = {Executing your Commands via Motion Diffusion in Latent Space},
  booktitle    = {{IEEE/CVF} Conference on Computer Vision and Pattern Recognition,
                  {CVPR} 2023, Vancouver, BC, Canada, June 17-24, 2023},
  pages        = {18000--18010},
  publisher    = {{IEEE}},
  year         = {2023},
  url          = {https://doi.org/10.1109/CVPR52729.2023.01726},
  doi          = {10.1109/CVPR52729.2023.01726}
}


@article{t2m-gpt,
  author       = {Jianrong Zhang and
                  Yangsong Zhang and
                  Xiaodong Cun and
                  Shaoli Huang and
                  Yong Zhang and
                  Hongwei Zhao and
                  Hongtao Lu and
                  Xi Shen},
  title        = {{T2M-GPT:} Generating Human Motion from Textual Descriptions with
                  Discrete Representations},
  journal      = {CoRR},
  volume       = {abs/2301.06052},
  year         = {2023},
  url          = {https://doi.org/10.48550/arXiv.2301.06052},
  doi          = {10.48550/ARXIV.2301.06052},
  eprinttype    = {arXiv},
  eprint       = {2301.06052}
}

@article{motion-gpt,
  author       = {Biao Jiang and
                  Xin Chen and
                  Wen Liu and
                  Jingyi Yu and
                  Gang Yu and
                  Tao Chen},
  title        = {MotionGPT: Human Motion as a Foreign Language},
  journal      = {CoRR},
  volume       = {abs/2306.14795},
  year         = {2023},
  url          = {https://doi.org/10.48550/arXiv.2306.14795},
  doi          = {10.48550/ARXIV.2306.14795},
  eprinttype    = {arXiv},
  eprint       = {2306.14795}
}



@article{kinematic-phrases,
  author       = {Xinpeng Liu and
                  Yong{-}Lu Li and
                  Ailing Zeng and
                  Zizheng Zhou and
                  Yang You and
                  Cewu Lu},
  title        = {Bridging the Gap between Human Motion and Action Semantics via Kinematic
                  Phrases},
  journal      = {CoRR},
  volume       = {abs/2310.04189},
  year         = {2023},
  url          = {https://doi.org/10.48550/arXiv.2310.04189},
  doi          = {10.48550/ARXIV.2310.04189},
  eprinttype    = {arXiv},
  eprint       = {2310.04189}
}






























































%% Journal article
@inproceedings{lang_guided_atomic_actions,
  author       = {Yuanhao Zhai and
                  Mingzhen Huang and
                  Tianyu Luan and
                  Lu Dong and
                  Ifeoma Nwogu and
                  Siwei Lyu and
                  David S. Doermann and
                  Junsong Yuan},
  title        = {Language-guided Human Motion Synthesis with Atomic Actions},
  booktitle    = {Proceedings of the 31st {ACM} International Conference on Multimedia,
                  {MM} 2023, Ottawa, ON, Canada, 29 October 2023- 3 November 2023},
  pages        = {5262--5271},
  publisher    = {{ACM}},
  year         = {2023},
  url          = {https://doi.org/10.1145/3581783.3612289},
  doi          = {10.1145/3581783.3612289}
}




@inproceedings{pose_bits,
  author       = {Gerard Pons{-}Moll and
                  David J. Fleet and
                  Bodo Rosenhahn},
  title        = {Posebits for Monocular Human Pose Estimation},
  booktitle    = {2014 {IEEE} Conference on Computer Vision and Pattern Recognition,
                  {CVPR} 2014, Columbus, OH, USA, June 23-28, 2014},
  pages        = {2345--2352},
  publisher    = {{IEEE} Computer Society},
  year         = {2014},
  url          = {https://doi.org/10.1109/CVPR.2014.300},
  doi          = {10.1109/CVPR.2014.300},
  timestamp    = {Fri, 24 Mar 2023 00:02:56 +0100},
  biburl       = {https://dblp.org/rec/conf/cvpr/Pons-MollFR14.bib},
  bibsource    = {dblp computer science bibliography, https://dblp.org}
}

@inproceedings{pose_script,
  author       = {Ginger Delmas and
                  Philippe Weinzaepfel and
                  Thomas Lucas and
                  Francesc Moreno{-}Noguer and
                  Gr{\'{e}}gory Rogez},
  title        = {PoseScript: 3D Human Poses from Natural Language},
  booktitle    = {Computer Vision - {ECCV} 2022 - 17th European Conference, Tel Aviv,
                  Israel, October 23-27, 2022, Proceedings, Part {VI}},
  series       = {Lecture Notes in Computer Science},
  volume       = {13666},
  pages        = {346--362},
  publisher    = {Springer},
  year         = {2022},
  url          = {https://doi.org/10.1007/978-3-031-20068-7\_20},
  doi          = {10.1007/978-3-031-20068-7\_20}
}



@article{sdqio,
  author       = {M. Shujah Islam and
                  Khush Bakhat and
                  Mansoor Iqbal and
                  Rashid Khan and
                  Zhongfu Ye and
                  M. Mattah Islam},
  title        = {Representation for action recognition with motion vector termed as:
                  {SDQIO}},
  journal      = {Expert Syst. Appl.},
  volume       = {212},
  pages        = {118406},
  year         = {2023},
  url          = {https://doi.org/10.1016/j.eswa.2022.118406},
  doi          = {10.1016/J.ESWA.2022.118406}
}


@article{gmr,
  author       = {Mingwei Liu and
                  Yi Zhang},
  title        = {GMNet: an action recognition network with global motion representation},
  journal      = {Int. J. Mach. Learn. Cybern.},
  volume       = {14},
  number       = {5},
  pages        = {1683--1693},
  year         = {2023},
  url          = {https://doi.org/10.1007/s13042-022-01720-6},
  doi          = {10.1007/S13042-022-01720-6}
}


@article{global_local,
  author       = {Yanpeng Qi and
                  Chen Pang and
                  Yiliang Liu and
                  Lei Lyu},
  title        = {Multi-stream Global-Local Motion Fusion Network for skeleton-based
                  action recognition},
  journal      = {Appl. Soft Comput.},
  volume       = {145},
  pages        = {110536},
  year         = {2023},
  url          = {https://doi.org/10.1016/j.asoc.2023.110536},
  doi          = {10.1016/J.ASOC.2023.110536}
}

@article{kinematic_phrases,
  author       = {Xinpeng Liu and
                  Yong{-}Lu Li and
                  Ailing Zeng and
                  Zizheng Zhou and
                  Yang You and
                  Cewu Lu},
  title        = {Bridging the Gap between Human Motion and Action Semantics via Kinematic
                  Phrases},
  journal      = {CoRR},
  volume       = {abs/2310.04189},
  year         = {2023},
  url          = {https://doi.org/10.48550/arXiv.2310.04189},
  doi          = {10.48550/ARXIV.2310.04189},
  eprinttype    = {arXiv},
  eprint       = {2310.04189}
}

@inproceedings{global_local_globalnet,
  author       = {Neeraj Battan and
                  Yudhik Agrawal and
                  Sai Soorya Rao and
                  Aman Goel and
                  Avinash Sharma},
  title        = {GlocalNet: Class-aware Long-term Human Motion Synthesis},
  booktitle    = {{IEEE} Winter Conference on Applications of Computer Vision, {WACV}
                  2021, Waikoloa, HI, USA, January 3-8, 2021},
  pages        = {878--887},
  publisher    = {{IEEE}},
  year         = {2021},
  url          = {https://doi.org/10.1109/WACV48630.2021.00092},
  doi          = {10.1109/WACV48630.2021.00092},
  timestamp    = {Sun, 02 Oct 2022 16:17:13 +0200}
}







@inproceedings{reparam_trick,
  author       = {Diederik P. Kingma and
                  Max Welling},
  title        = {Auto-Encoding Variational Bayes},
  booktitle    = {2nd International Conference on Learning Representations, {ICLR} 2014,
                  Banff, AB, Canada, April 14-16, 2014, Conference Track Proceedings},
  year         = {2014},
  url          = {http://arxiv.org/abs/1312.6114}
}


@inproceedings{atten_is_all_you_need,
  author       = {Ashish Vaswani and
                  Noam Shazeer and
                  Niki Parmar and
                  Jakob Uszkoreit and
                  Llion Jones and
                  Aidan N. Gomez and
                  Lukasz Kaiser and
                  Illia Polosukhin},
  title        = {Attention is All you Need},
  booktitle    = {Advances in Neural Information Processing Systems 30: Annual Conference
                  on Neural Information Processing Systems 2017, December 4-9, 2017,
                  Long Beach, CA, {USA}},
  pages        = {5998--6008},
  year         = {2017},
  url          = {https://proceedings.neurips.cc/paper/2017/hash/3f5ee243547dee91fbd053c1c4a845aa-Abstract.html}
}



@inproceedings{sbu_dataset,
  author       = {Kiwon Yun and
                  Jean Honorio and
                  Debaleena Chattopadhyay and
                  Tamara L. Berg and
                  Dimitris Samaras},
  title        = {Two-person interaction detection using body-pose features and multiple
                  instance learning},
  booktitle    = {2012 {IEEE} Computer Society Conference on Computer Vision and Pattern
                  Recognition Workshops, Providence, RI, USA, June 16-21, 2012},
  pages        = {28--35},
  publisher    = {{IEEE} Computer Society},
  year         = {2012},
  url          = {https://doi.org/10.1109/CVPRW.2012.6239234},
  doi          = {10.1109/CVPRW.2012.6239234}
}


@article{k3hi_dataset,
author = {Hu, T. and Zhu, Xinyan and Guo, W.},
year = {2014},
month = {01},
pages = {1965-1972},
title = {Two-person interaction recognition based on key poses},
volume = {10},
journal = {Journal of Computational Information Systems},
doi = {10.12733/jcis9217}
}


@inproceedings{duet_dance_dataset,
  author       = {Jogendra Nath Kundu and
                  Himanshu Buckchash and
                  Priyanka Mandikal and
                  Rahul M. V. and
                  Anirudh Jamkhandi and
                  Venkatesh Babu R.},
  title        = {Cross-Conditioned Recurrent Networks for Long-Term Synthesis of Inter-Person
                  Human Motion Interactions},
  booktitle    = {{IEEE} Winter Conference on Applications of Computer Vision, {WACV}
                  2020, Snowmass Village, CO, USA, March 1-5, 2020},
  pages        = {2713--2722},
  publisher    = {{IEEE}},
  year         = {2020},
  url          = {https://doi.org/10.1109/WACV45572.2020.9093627},
  doi          = {10.1109/WACV45572.2020.9093627}
}

@article{act2act_dataset,
  author       = {Woo{-}Ri Ko and
                  Minsu Jang and
                  Jaeyeon Lee and
                  Jaehong Kim},
  title        = {AIR-Act2Act: Human-human interaction dataset for teaching non-verbal
                  social behaviors to robots},
  journal      = {Int. J. Robotics Res.},
  volume       = {40},
  number       = {4-5},
  year         = {2021},
  url          = {https://doi.org/10.1177/0278364921990671},
  doi          = {10.1177/0278364921990671}
}


@inproceedings{atomic_actions,
  author       = {Yuanhao Zhai and
                  Mingzhen Huang and
                  Tianyu Luan and
                  Lu Dong and
                  Ifeoma Nwogu and
                  Siwei Lyu and
                  David S. Doermann and
                  Junsong Yuan},
  title        = {Language-guided Human Motion Synthesis with Atomic Actions},
  booktitle    = {Proceedings of the 31st {ACM} International Conference on Multimedia,
                  {MM} 2023, Ottawa, ON, Canada, 29 October 2023- 3 November 2023},
  pages        = {5262--5271},
  publisher    = {{ACM}},
  year         = {2023},
  url          = {https://doi.org/10.1145/3581783.3612289},
  doi          = {10.1145/3581783.3612289}
}



@article{interaction_transformer,
  author       = {Baptiste Chopin and
                  Hao Tang and
                  Naima Otberdout and
                  Mohamed Daoudi and
                  Nicu Sebe},
  title        = {Interaction Transformer for Human Reaction Generation},
  journal      = {IEEE Transactions on Multimedia},
  volume       = {25},
  pages        = {8842--8854},
  year         = {2023},
  url          = {https://doi.org/10.1109/TMM.2023.3242152},
  doi          = {10.1109/TMM.2023.3242152}
}


@inproceedings{action-reaction-2014,
  author       = {De{-}An Huang and
                  Kris M. Kitani},
  title        = {Action-Reaction: Forecasting the Dynamics of Human Interaction},
  booktitle    = {Computer Vision - {ECCV} 2014 - 13th European Conference, Zurich,
                  Switzerland, September 6-12, 2014, Proceedings, Part {VII}},
  series       = {Lecture Notes in Computer Science},
  volume       = {8695},
  pages        = {489--504},
  publisher    = {Springer},
  year         = {2014},
  url          = {https://doi.org/10.1007/978-3-319-10584-0\_32},
  doi          = {10.1007/978-3-319-10584-0\_32}
}

@article{gan-reaction-motion,
  author       = {Qianhui Men and
                  Hubert P. H. Shum and
                  Edmond S. L. Ho and
                  Howard Leung},
  title        = {GAN-based reactive motion synthesis with class-aware discriminators
                  for human-human interaction},
  journal      = {Comput. Graph.},
  volume       = {102},
  pages        = {634--645},
  year         = {2022},
  url          = {https://doi.org/10.1016/j.cag.2021.09.014},
  doi          = {10.1016/J.CAG.2021.09.014}
}

@article{remos,
  author       = {Anindita Ghosh and
                  Rishabh Dabral and
                  Vladislav Golyanik and
                  Christian Theobalt and
                  Philipp Slusallek},
  title        = {ReMoS: Reactive 3D Motion Synthesis for Two-Person Interactions},
  journal      = {CoRR},
  volume       = {abs/2311.17057},
  year         = {2023},
  url          = {https://doi.org/10.48550/arXiv.2311.17057},
  doi          = {10.48550/ARXIV.2311.17057},
  eprinttype    = {arXiv},
  eprint       = {2311.17057}
}


@article{interaction-humanoid,
  title={Interactive Humanoid: Online Full-Body Motion Reaction Synthesis with Social Affordance Canonicalization and Forecasting},
  author={Liu, Yunze and Chen, Changxi and Yi, Li},
  journal={arXiv preprint arXiv:2312.08983},
  year={2023}
}


@article{generative-prior,
  author       = {Yonatan Shafir and
                  Guy Tevet and
                  Roy Kapon and
                  Amit H. Bermano},
  title        = {Human Motion Diffusion as a Generative Prior},
  journal      = {CoRR},
  volume       = {abs/2303.01418},
  year         = {2023},
  url          = {https://doi.org/10.48550/arXiv.2303.01418},
  doi          = {10.48550/ARXIV.2303.01418},
  eprinttype    = {arXiv},
  eprint       = {2303.01418}
}


@article{social-robot,
  author       = {Woo{-}Ri Ko and
                  Minsu Jang and
                  Jaeyeon Lee and
                  Jaehong Kim},
  title        = {Nonverbal Social Behavior Generation for Social Robots Using End-to-End
                  Learning},
  journal      = {CoRR},
  volume       = {abs/2211.00930},
  year         = {2022},
  url          = {https://doi.org/10.48550/arXiv.2211.00930},
  doi          = {10.48550/ARXIV.2211.00930},
  eprinttype    = {arXiv},
  eprint       = {2211.00930}
}

@inproceedings{vrnn,
  author       = {Murchana Baruah and
                  Bonny Banerjee},
  title        = {A Multimodal Predictive Agent Model for Human Interaction Generation},
  booktitle    = {2020 {IEEE/CVF} Conference on Computer Vision and Pattern Recognition,
                  {CVPR} Workshops 2020, Seattle, WA, USA, June 14-19, 2020},
  pages        = {4402--4410},
  publisher    = {Computer Vision Foundation / {IEEE}},
  year         = {2020},
  url          = {https://openaccess.thecvf.com/content\_CVPRW\_2020/html/w66/Baruah\_A\_Multimodal\_Predictive\_Agent\_Model\_for\_Human\_Interaction\_Generation\_CVPRW\_2020\_paper.html},
  doi          = {10.1109/CVPRW50498.2020.00519}
}






@inproceedings{actformer,
  title={Actformer: A gan-based transformer towards general action-conditioned 3d human motion generation},
  author={Xu, Liang and Song, Ziyang and Wang, Dongliang and Su, Jing and Fang, Zhicheng and Ding, Chenjing and Gan, Weihao and Yan, Yichao and Jin, Xin and Yang, Xiaokang and others},
  booktitle={Proceedings of the IEEE/CVF International Conference on Computer Vision},
  pages={2228--2238},
  year={2023}
}

@inproceedings{mofusion,
  author       = {Rishabh Dabral and
                  Muhammad Hamza Mughal and
                  Vladislav Golyanik and
                  Christian Theobalt},
  title        = {MoFusion: {A} Framework for Denoising-Diffusion-Based Motion Synthesis},
  booktitle    = {{IEEE/CVF} Conference on Computer Vision and Pattern Recognition,
                  {CVPR} 2023, Vancouver, BC, Canada, June 17-24, 2023},
  pages        = {9760--9770},
  publisher    = {{IEEE}},
  year         = {2023},
  url          = {https://doi.org/10.1109/CVPR52729.2023.00941},
  doi          = {10.1109/CVPR52729.2023.00941}
}


@inproceedings{motionclip,
  author       = {Guy Tevet and
                  Brian Gordon and
                  Amir Hertz and
                  Amit H. Bermano and
                  Daniel Cohen{-}Or},

  title        = {MotionCLIP: Exposing Human Motion Generation to {CLIP} Space},
  booktitle    = {Computer Vision - {ECCV} 2022 - 17th European Conference, Tel Aviv,
                  Israel, October 23-27, 2022, Proceedings, Part {XXII}},
  series       = {Lecture Notes in Computer Science},
  volume       = {13682},
  pages        = {358--374},
  publisher    = {Springer},
  year         = {2022},
  url          = {https://doi.org/10.1007/978-3-031-20047-2\_21},
  doi          = {10.1007/978-3-031-20047-2\_21}
}

@inproceedings{multiact,
  author       = {Taeryung Lee and
                  Gyeongsik Moon and
                  Kyoung Mu Lee},
  title        = {MultiAct: Long-Term 3D Human Motion Generation from Multiple Action
                  Labels},
  booktitle    = {Thirty-Seventh {AAAI} Conference on Artificial Intelligence, {AAAI}
                  2023, Thirty-Fifth Conference on Innovative Applications of Artificial
                  Intelligence, {IAAI} 2023, Thirteenth Symposium on Educational Advances
                  in Artificial Intelligence, {EAAI} 2023, Washington, DC, USA, February
                  7-14, 2023},
  pages        = {1231--1239},
  publisher    = {{AAAI} Press},
  year         = {2023},
  url          = {https://doi.org/10.1609/aaai.v37i1.25206},
  doi          = {10.1609/AAAI.V37I1.25206}
}



@article{InterGen,
  author       = {Han Liang and
                  Wenqian Zhang and
                  Wenxuan Li and
                  Jingyi Yu and
                  Lan Xu},
  title        = {InterGen: Diffusion-based Multi-human Motion Generation under Complex Interactions},
  journal      = {CoRR},
  volume       = {abs/2304.05684},
  year         = {2023},
  url          = {https://doi.org/10.48550/arXiv.2304.05684},
  doi          = {10.48550/ARXIV.2304.05684},
  eprinttype    = {arXiv},
  eprint       = {2304.05684}
}


@article{smpl,
      author = {Loper, Matthew and Mahmood, Naureen and Romero, Javier and Pons-Moll, Gerard and Black, Michael J.},
      title = {{SMPL}: A Skinned Multi-Person Linear Model},
      journal = {ACM Trans. Graphics (Proc. SIGGRAPH Asia)},
      month = oct,
      number = {6},
      pages = {248:1--248:16},
      publisher = {ACM},
      volume = {34},
      year = {2015}
    }


@article{survey,
  author       = {Wentao Zhu and
                  Xiaoxuan Ma and
                  Dongwoo Ro and
                  Hai Ci and
                  Jinlu Zhang and
                  Jiaxin Shi and
                  Feng Gao and
                  Qi Tian and
                  Yizhou Wang},
  title        = {Human Motion Generation: {A} Survey},
  journal      = {CoRR},
  volume       = {abs/2307.10894},
  year         = {2023},
  url          = {https://doi.org/10.48550/arXiv.2307.10894},
  doi          = {10.48550/ARXIV.2307.10894},
  eprinttype    = {arXiv},
  eprint       = {2307.10894}
}


@inproceedings{cvae_1,
  author       = {Chongyang Zhong and
                  Lei Hu and
                  Zihao Zhang and
                  Shihong Xia},

  title        = {Learning Uncoupled-Modulation {CVAE} for 3D Action-Conditioned Human
                  Motion Synthesis},
  booktitle    = {Computer Vision - {ECCV} 2022 - 17th European Conference, Tel Aviv,
                  Israel, October 23-27, 2022, Proceedings, Part {XXI}},
  series       = {Lecture Notes in Computer Science},
  volume       = {13681},
  pages        = {716--732},
  publisher    = {Springer},
  year         = {2022},
  url          = {https://doi.org/10.1007/978-3-031-19803-8\_42},
  doi          = {10.1007/978-3-031-19803-8\_42}
}

@inproceedings{cvae_2,
  author       = {Chuan Guo and
                  Xinxin Zuo and
                  Sen Wang and
                  Shihao Zou and
                  Qingyao Sun and
                  Annan Deng and
                  Minglun Gong and
                  Li Cheng},
  title        = {Action2Motion: Conditioned Generation of 3D Human Motions},
  booktitle    = {{MM} '20: The 28th {ACM} International Conference on Multimedia, Virtual
                  Event / Seattle, WA, USA, October 12-16, 2020},
  pages        = {2021--2029},
  publisher    = {{ACM}},
  year         = {2020},
  url          = {https://doi.org/10.1145/3394171.3413635},
  doi          = {10.1145/3394171.3413635}
}

@inproceedings{cvae_3,
  author       = {Jianrong Zhang and
                  Yangsong Zhang and
                  Xiaodong Cun and
                  Yong Zhang and
                  Hongwei Zhao and
                  Hongtao Lu and
                  Xi Shen and
                  Shan Ying},
  title        = {Generating Human Motion from Textual Descriptions with Discrete Representations},
  booktitle    = {{IEEE/CVF} Conference on Computer Vision and Pattern Recognition,
                  {CVPR} 2023, Vancouver, BC, Canada, June 17-24, 2023},
  pages        = {14730--14740},
  publisher    = {{IEEE}},
  year         = {2023},
  url          = {https://doi.org/10.1109/CVPR52729.2023.01415},
  doi          = {10.1109/CVPR52729.2023.01415},
  timestamp    = {Tue, 29 Aug 2023 15:44:40 +0200},
  biburl       = {https://dblp.org/rec/conf/cvpr/ZhangZCZZLSY23.bib},
  bibsource    = {dblp computer science bibliography, https://dblp.org}
}


@article{gan_1,
  author       = {Deepak Kumar Jain and
                  Masoumeh Zareapoor and
                  Rachna Jain and
                  Abhishek Kathuria and
                  Shivam Bachhety},
  title        = {GAN-Poser: an improvised bidirectional {GAN} model for human motion
                  prediction},
  journal      = {Neural Comput. Appl.},
  volume       = {32},
  number       = {18},
  pages        = {14579--14591},
  year         = {2020},
  url          = {https://doi.org/10.1007/s00521-020-04941-4},
  doi          = {10.1007/S00521-020-04941-4}
}

@inproceedings{gan_2,
  author       = {Ayumi Shiobara and
                  Makoto Murakami},
  title        = {Human Motion Generation using Wasserstein {GAN}},
  booktitle    = {{ICDSP} 2021: 5th International Conference on Digital Signal Processing,
                  Chengdu, China, February 26-28, 2021},
  pages        = {278--282},
  publisher    = {{ACM}},
  year         = {2021},
  url          = {https://doi.org/10.1145/3458380.3458428},
  doi          = {10.1145/3458380.3458428}
}

@inproceedings{gan_3,
author = {Shiobara, Ayumi and Murakami, Makoto},
title = {Human Motion Generation Using Wasserstein GAN},
year = {2021},
isbn = {9781450389365},
publisher = {Association for Computing Machinery},
address = {New York, NY, USA},
url = {https://doi.org/10.1145/3458380.3458428},
doi = {10.1145/3458380.3458428},
booktitle = {Proceedings of the 2021 5th International Conference on Digital Signal Processing},
pages = {278–282},
numpages = {5},
keywords = {character animation, human motion generative model, machine learning, generative adversarial networks neural network, computer graphics},
location = {Chengdu, China},
series = {ICDSP '21}
}


@inproceedings{normflows_1,
  author       = {Wenjie Yin and
                  Hang Yin and
                  Danica Kragic and
                  M{\aa}rten Bj{\"{o}}rkman},
  title        = {Graph-based Normalizing Flow for Human Motion Generation and Reconstruction},
  booktitle    = {30th {IEEE} International Conference on Robot {\&} Human Interactive
                  Communication, {RO-MAN} 2021, Vancouver, BC, Canada, August 8-12,
                  2021},
  pages        = {641--648},
  publisher    = {{IEEE}},
  year         = {2021},
  url          = {https://doi.org/10.1109/RO-MAN50785.2021.9515316},
  doi          = {10.1109/RO-MAN50785.2021.9515316}
}

@inproceedings{normflows_2,
  author       = {Ye Yuan and
                  Kris Kitani},
  title        = {DLow: Diversifying Latent Flows for Diverse Human Motion Prediction},
  booktitle    = {Computer Vision - {ECCV} 2020 - 16th European Conference, Glasgow,
                  UK, August 23-28, 2020, Proceedings, Part {IX}},
  series       = {Lecture Notes in Computer Science},
  volume       = {12354},
  pages        = {346--364},
  publisher    = {Springer},
  year         = {2020},
  url          = {https://doi.org/10.1007/978-3-030-58545-7\_20},
  doi          = {10.1007/978-3-030-58545-7\_20}
}


@inproceedings{motgraph_1,
  author       = {Chenchen Liu and
                  Yadong Mu},
  title        = {Searching Motion Graphs for Human Motion Synthesis},
  booktitle    = {{MM} '21: {ACM} Multimedia Conference, Virtual Event, China, October
                  20 - 24, 2021},
  pages        = {871--879},
  publisher    = {{ACM}},
  year         = {2021},
  url          = {https://doi.org/10.1145/3474085.3475264},
  doi          = {10.1145/3474085.3475264}
}

@article{motgraph_2,
  author       = {Kang Chen and
                  Zhipeng Tan and
                  Jin Lei and
                  Song{-}Hai Zhang and
                  Yuan{-}Chen Guo and
                  Weidong Zhang and
                  Shi{-}Min Hu},
  title        = {ChoreoMaster: choreography-oriented music-driven dance synthesis},
  journal      = {{ACM} Trans. Graph.},
  volume       = {40},
  number       = {4},
  pages        = {145:1--145:13},
  year         = {2021},
  url          = {https://doi.org/10.1145/3450626.3459932},
  doi          = {10.1145/3450626.3459932},
  timestamp    = {Fri, 10 Nov 2023 21:09:28 +0100},
  biburl       = {https://dblp.org/rec/journals/tog/ChenTLZGZ021.bib},
  bibsource    = {dblp computer science bibliography, https://dblp.org}
}

@inproceedings{ddpm_1,
  title={Fg-t2m: Fine-grained text-driven human motion generation via diffusion model},
  author={Wang, Yin and Leng, Zhiying and Li, Frederick WB and Wu, Shun-Cheng and Liang, Xiaohui},
  booktitle={Proceedings of the IEEE/CVF International Conference on Computer Vision},
  pages={22035--22044},
  year={2023}
}

@inproceedings{ddpm_2,
  title={Guided motion diffusion for controllable human motion synthesis},
  author={Karunratanakul, Korrawe and Preechakul, Konpat and Suwajanakorn, Supasorn and Tang, Siyu},
  booktitle={Proceedings of the IEEE/CVF International Conference on Computer Vision},
  pages={2151--2162},
  year={2023}
}


@inproceedings{text_1,
  author       = {Ping Yu and
                  Yang Zhao and
                  Chunyuan Li and
                  Junsong Yuan and
                  Changyou Chen},

  title        = {Structure-Aware Human-Action Generation},
  booktitle    = {Computer Vision - {ECCV} 2020 - 16th European Conference, Glasgow,
                  UK, August 23-28, 2020, Proceedings, Part {XXX}},
  series       = {Lecture Notes in Computer Science},
  volume       = {12375},
  pages        = {18--34},
  publisher    = {Springer},
  year         = {2020},
  url          = {https://doi.org/10.1007/978-3-030-58577-8\_2},
  doi          = {10.1007/978-3-030-58577-8\_2}
}


@inproceedings{text_2,
  author       = {Pablo Cervantes and
                  Yusuke Sekikawa and
                  Ikuro Sato and
                  Koichi Shinoda},
  title        = {Implicit Neural Representations for Variable Length Human Motion Generation},
  booktitle    = {Computer Vision - {ECCV} 2022 - 17th European Conference, Tel Aviv,
                  Israel, October 23-27, 2022, Proceedings, Part {XVII}},
  series       = {Lecture Notes in Computer Science},
  volume       = {13677},
  pages        = {356--372},
  publisher    = {Springer},
  year         = {2022},
  url          = {https://doi.org/10.1007/978-3-031-19790-1\_22},
  doi          = {10.1007/978-3-031-19790-1\_22}
}





@article{audio_1,
  author       = {Guofei Sun and
                  Yongkang Wong and
                  Zhiyong Cheng and
                  Mohan S. Kankanhalli and
                  Weidong Geng and
                  Xiangdong Li},
  title        = {DeepDance: Music-to-Dance Motion Choreography With Adversarial Learning},
  journal      = {IEEE Transactions on Multimedia},
  volume       = {23},
  pages        = {497--509},
  year         = {2021},
  url          = {https://doi.org/10.1109/TMM.2020.2981989},
  doi          = {10.1109/TMM.2020.2981989}
}


@inproceedings{audio_2,
  author       = {Uttaran Bhattacharya and
                  Nicholas Rewkowski and
                  Abhishek Banerjee and
                  Pooja Guhan and
                  Aniket Bera and
                  Dinesh Manocha},
  title        = {Text2Gestures: {A} Transformer-Based Network for Generating Emotive  Body Gestures for Virtual Agents},
  booktitle    = {{IEEE} Virtual Reality and 3D User Interfaces, {VR} 2021, Lisbon,
                  Portugal, March 27 - April 1, 2021},
  pages        = {160--169},
  publisher    = {{IEEE}},
  year         = {2021},
  url          = {https://doi.org/10.1109/VR50410.2021.00037},
  doi          = {10.1109/VR50410.2021.00037}
}



@ARTICLE{motion_1,
  author={Shi, Junyu and Zhong, Jianqi and Cao, Wenming},
  journal={IEEE Transactions on Multimedia}, 
  title={Multi-semantics Aggregation Network based on the Dynamic-attention Mechanism for 3D Human Motion Prediction}, 
  year={2023},
  volume={},
  number={},
  pages={1-13},
  doi={10.1109/TMM.2023.3330075}}



@inproceedings{motion_2,
  title={Diversity-promoting human motion interpolation via conditional variational auto-encoder},
  author={Gu, Chunzhi and Zhao, Shuofeng and Zhang, Chao},
  booktitle={International Workshop on Advanced Imaging Technology (IWAIT) 2022},
  volume={12177},
  pages={688--692},
  year={2022},
  organization={SPIE}
}

@inproceedings{scene_1,
  author       = {Zhe Cao and
                  Hang Gao and
                  Karttikeya Mangalam and
                  Qi{-}Zhi Cai and
                  Minh Vo and
                  Jitendra Malik},

  title        = {Long-Term Human Motion Prediction with Scene Context},
  booktitle    = {Computer Vision - {ECCV} 2020 - 16th European Conference, Glasgow,
                  UK, August 23-28, 2020, Proceedings, Part {I}},
  series       = {Lecture Notes in Computer Science},
  volume       = {12346},
  pages        = {387--404},
  publisher    = {Springer},
  year         = {2020},
  url          = {https://doi.org/10.1007/978-3-030-58452-8\_23},
  doi          = {10.1007/978-3-030-58452-8\_23}
}


@inproceedings{scene_2,
  title={Synthesizing long-term 3d human motion and interaction in 3d scenes},
  author={Wang, Jiashun and Xu, Huazhe and Xu, Jingwei and Liu, Sifei and Wang, Xiaolong},
  booktitle={Proceedings of the IEEE/CVF Conference on Computer Vision and Pattern Recognition},
  pages={9401--9411},
  year={2021}
}
































































@article{vision-hpe-survey,
  author       = {Gongjin Lan and
                  Yu Wu and
                  Fei Hu and
                  Qi Hao},
  title        = {Vision-Based Human Pose Estimation via Deep Learning: {A} Survey},
  journal      = {{IEEE} Trans. Hum. Mach. Syst.},
  volume       = {53},
  number       = {1},
  pages        = {253--268},
  year         = {2023},
  url          = {https://doi.org/10.1109/THMS.2022.3219242},
  doi          = {10.1109/THMS.2022.3219242}
}


@article{hpe-survey,
  author       = {Shradha Dubey and
                  Manish Dixit},
  title        = {A comprehensive survey on human pose estimation approaches},
  journal      = {Multim. Syst.},
  volume       = {29},
  number       = {1},
  pages        = {167--195},
  year         = {2023},
  url          = {https://doi.org/10.1007/s00530-022-00980-0},
  doi          = {10.1007/s00530-022-00980-0}
}

@article{poseanalyser-survey,
  author       = {Sakshi Kulkarni and
                  Shubham Deshmukh and
                  Favin Fernandes and
                  Aniket Patil and
                  Vaishali Jabade},
  title        = {PoseAnalyser: {A} Survey on Human Pose Estimation},
  journal      = {{SN} Comput. Sci.},
  volume       = {4},
  number       = {2},
  pages        = {136},
  year         = {2023},
  url          = {https://doi.org/10.1007/s42979-022-01567-2},
  doi          = {10.1007/s42979-022-01567-2}
}

@article{hpe-gait-survey,
  author       = {Luke K. Topham and
                  Wasiq Khan and
                  Dhiya Al{-}Jumeily and
                  Abir Hussain},
  title        = {Human Body Pose Estimation for Gait Identification: {A} Comprehensive
                  Survey of Datasets and Models},
  journal      = {{ACM} Comput. Surv.},
  volume       = {55},
  number       = {6},
  pages        = {120:1--120:42},
  year         = {2023},
  url          = {https://doi.org/10.1145/3533384},
  doi          = {10.1145/3533384}
}


@article{prior-attention-3dhpe,
  author       = {Shu Chen and
                  Yaxin Xu and
                  Beiji Zou},
  title        = {Prior-knowledge-based self-attention network for 3D human pose estimation},
  journal      = {Expert Syst. Appl.},
  volume       = {225},
  pages        = {120213},
  year         = {2023},
  url          = {https://doi.org/10.1016/j.eswa.2023.120213},
  doi          = {10.1016/j.eswa.2023.120213}
}


@inproceedings{3dhpe-augment1,
  author       = {Soubarna Banik and
                  Patricia Gscho{\ss}mann and
                  Alejandro Mendoza Garc{\'{\i}}a and
                  Alois Knoll},
  title        = {Occlusion Robust 3D Human Pose Estimation with StridedPoseGraphFormer
                  and Data Augmentation},
  booktitle    = {International Joint Conference on Neural Networks, {IJCNN} 2023, Gold
                  Coast, Australia, June 18-23, 2023},
  pages        = {1--8},
  publisher    = {{IEEE}},
  year         = {2023},
  url          = {https://doi.org/10.1109/IJCNN54540.2023.10191355},
  doi          = {10.1109/IJCNN54540.2023.10191355}
}


@inproceedings{3dhpe-augment2,
  author       = {Zhiwei Yuan and
                  Songlin Du},
  editor       = {Igor Farkas and
                  Paolo Masulli and
                  Sebastian Otte and
                  Stefan Wermter},
  title        = {JointPose: Jointly Optimizing Evolutionary Data Augmentation and Prediction
                  Neural Network for 3D Human Pose Estimation},
  booktitle    = {Artificial Neural Networks and Machine Learning - {ICANN} 2021 - 30th
                  International Conference on Artificial Neural Networks, Bratislava,
                  Slovakia, September 14-17, 2021, Proceedings, Part {III}},
  series       = {Lecture Notes in Computer Science},
  volume       = {12893},
  pages        = {368--379},
  publisher    = {Springer},
  year         = {2021},
  url          = {https://doi.org/10.1007/978-3-030-86365-4\_30},
  doi          = {10.1007/978-3-030-86365-4\_30}
}


@inproceedings{3dhpe-cnn,
  author       = {Sungheon Park and
                  Jihye Hwang and
                  Nojun Kwak},
  editor       = {Gang Hua and
                  Herv{\'{e}} J{\'{e}}gou},
  title        = {3D Human Pose Estimation Using Convolutional Neural Networks with
                  2D Pose Information},
  booktitle    = {Computer Vision - {ECCV} 2016 Workshops - Amsterdam, The Netherlands,
                  October 8-10 and 15-16, 2016, Proceedings, Part {III}},
  series       = {Lecture Notes in Computer Science},
  volume       = {9915},
  pages        = {156--169},
  year         = {2016},
  url          = {https://doi.org/10.1007/978-3-319-49409-8\_15},
  doi          = {10.1007/978-3-319-49409-8\_15}
}




@article{staged-3dhpe,
  author       = {Bingkun Gao and
                  Zhong{-}Xin Zhang and
                  Cuina Wu and
                  Chenlei Wu and
                  Hongbo Bi},
  title        = {Staged cascaded network for monocular 3D human pose estimation},
  journal      = {Appl. Intell.},
  volume       = {53},
  number       = {1},
  pages        = {1021--1029},
  year         = {2023},
  url          = {https://doi.org/10.1007/s10489-022-03516-1},
  doi          = {10.1007/s10489-022-03516-1}
}


@inproceedings{e2e-3dhpe-tformer,
  author       = {Bowei Zhang and
                  Peng Cui},
  title        = {End-to-end 3D Human Pose Estimation with Transformer},
  booktitle    = {26th International Conference on Pattern Recognition, {ICPR} 2022,
                  Montreal, QC, Canada, August 21-25, 2022},
  pages        = {4529--4536},
  publisher    = {{IEEE}},
  year         = {2022},
  url          = {https://doi.org/10.1109/ICPR56361.2022.9956693},
  doi          = {10.1109/ICPR56361.2022.9956693}
}

@inproceedings{e2e-cee-net,
  author       = {Haolun Li and
                  Chi{-}Man Pun},
  editor       = {Brian Williams and
                  Yiling Chen and
                  Jennifer Neville},
  title        = {CEE-Net: Complementary End-to-End Network for 3D Human Pose Generation
                  and Estimation},
  booktitle    = {Thirty-Seventh {AAAI} Conference on Artificial Intelligence, {AAAI}
                  2023, Thirty-Fifth Conference on Innovative Applications of Artificial
                  Intelligence, {IAAI} 2023, Thirteenth Symposium on Educational Advances
                  in Artificial Intelligence, {EAAI} 2023, Washington, DC, USA, February
                  7-14, 2023},
  pages        = {1305--1313},
  publisher    = {{AAAI} Press},
  year         = {2023},
  url          = {https://ojs.aaai.org/index.php/AAAI/article/view/25214}
}


@article{e2e-capsulepose,
  author       = {Nicola Garau and
                  Nicola Conci},
  title        = {CapsulePose: {A} variational CapsNet for real-time end-to-end 3D human
                  pose estimation},
  journal      = {Neurocomputing},
  volume       = {523},
  pages        = {81--91},
  year         = {2023},
  url          = {https://doi.org/10.1016/j.neucom.2022.11.097},
  doi          = {10.1016/j.neucom.2022.11.097}
}


@article{lifting-transformer,
  author       = {Li Wenhao and
                  Hong Liu and
                  Runwei Ding and
                  Mengyuan Liu and
                  Pichao Wang},
  title        = {Lifting Transformer for 3D Human Pose Estimation in Video},
  journal      = {CoRR},
  volume       = {abs/2103.14304},
  year         = {2021},
  url          = {https://arxiv.org/abs/2103.14304}
}


@inproceedings{jointformer,
  author       = {Sebastian Lutz and
                  Richard Blythman and
                  Koustav Ghosal and
                  Matthew Moynihan and
                  Ciaran Simms and
                  Aljosa Smolic},
  title        = {Jointformer: Single-Frame Lifting Transformer with Error Prediction
                  and Refinement for 3D Human Pose Estimation},
  booktitle    = {26th International Conference on Pattern Recognition, {ICPR} 2022,
                  Montreal, QC, Canada, August 21-25, 2022},
  pages        = {1156--1163},
  publisher    = {{IEEE}},
  year         = {2022},
  url          = {https://doi.org/10.1109/ICPR56361.2022.9956366},
  doi          = {10.1109/ICPR56361.2022.9956366}
}



@article{anthro-pose-align,
  author       = {Mohit Kushwaha and
                  Jaytrilok Choudhary and
                  Dhirendra Pratap Singh},
  title        = {Enhancement of human 3D pose estimation using a novel concept of depth
                  prediction with pose alignment from a single 2D image},
  journal      = {Comput. Graph.},
  volume       = {107},
  pages        = {172--185},
  year         = {2022},
  url          = {https://doi.org/10.1016/j.cag.2022.07.021},
  doi          = {10.1016/j.cag.2022.07.021}
}



@inproceedings{fast-hpe,
  author       = {Feng Zhang and
                  Xiatian Zhu and
                  Mao Ye},
  title        = {Fast Human Pose Estimation},
  booktitle    = {{IEEE} Conference on Computer Vision and Pattern Recognition, {CVPR}
                  2019, Long Beach, CA, USA, June 16-20, 2019},
  pages        = {3517--3526},
  publisher    = {Computer Vision Foundation / {IEEE}},
  year         = {2019},
  url          = {http://openaccess.thecvf.com/content\_CVPR\_2019/html/Zhang\_Fast\_Human\_Pose\_Estimation\_CVPR\_2019\_paper.html},
  doi          = {10.1109/CVPR.2019.00363}
}






@inproceedings{mobius-gcn,
  author       = {Niloofar Azizi and
                  Horst Possegger and
                  Emanuele Rodol{\`{a}} and
                  Horst Bischof},
  editor       = {Shai Avidan and
                  Gabriel J. Brostow and
                  Moustapha Ciss{\'{e}} and
                  Giovanni Maria Farinella and
                  Tal Hassner},
  title        = {3D Human Pose Estimation Using M{\"{o}}bius Graph Convolutional
                  Networks},
  booktitle    = {Computer Vision - {ECCV} 2022 - 17th European Conference, Tel Aviv,
                  Israel, October 23-27, 2022, Proceedings, Part {I}},
  series       = {Lecture Notes in Computer Science},
  volume       = {13661},
  pages        = {160--178},
  publisher    = {Springer},
  year         = {2022},
  url          = {https://doi.org/10.1007/978-3-031-19769-7\_10},
  doi          = {10.1007/978-3-031-19769-7\_10}
}


@article{ushape-gcn,
  author       = {Guoliang Hua and
                  Hong Liu and
                  Wenhao Li and
                  Qian Zhang and
                  Runwei Ding and
                  Xin Xu},
  title        = {Weakly-Supervised 3D Human Pose Estimation With Cross-View U-Shaped
                  Graph Convolutional Network},
  journal      = {{IEEE} Trans. Multim.},
  volume       = {25},
  pages        = {1832--1843},
  year         = {2023},
  url          = {https://doi.org/10.1109/TMM.2022.3171102},
  doi          = {10.1109/TMM.2022.3171102}
}

@article{cnn-yoga,
  author       = {Santosh Kumar Yadav and
                  Apurv Shukla and
                  Kamlesh Tiwari and
                  Hari Mohan Pandey and
                  Shaik Ali Akbar},
  title        = {An Efficient Deep Convolutional Neural Network Model For Yoga Pose
                  Recognition Using Single Images},
  journal      = {CoRR},
  volume       = {abs/2306.15768},
  year         = {2023},
  url          = {https://doi.org/10.48550/arXiv.2306.15768},
  doi          = {10.48550/arXiv.2306.15768}
}


@article{3dhpe-multiview1,
  author       = {Beerend G. A. Gerats and
                  Jelmer M. Wolterink and
                  Ivo A. M. J. Broeders},
  title        = {3D Human Pose Estimation in Multi-View Operating Room Videos Using
                  Differentiable Camera Projections},
  journal      = {CoRR},
  volume       = {abs/2210.11826},
  year         = {2022},
  url          = {https://doi.org/10.48550/arXiv.2210.11826},
  doi          = {10.48550/arXiv.2210.11826},
  eprinttype    = {arXiv},
  eprint       = {2210.11826},
  timestamp    = {Tue, 21 Mar 2023 21:05:02 +0100},
  biburl       = {https://dblp.org/rec/journals/corr/abs-2210-11826.bib},
  bibsource    = {dblp computer science bibliography, https://dblp.org}
}

@article{3dhpe-multiview2,
  author       = {Hao Wang and
                  Minghui Sun},
  title        = {Smart-VPoseNet: 3D human pose estimation models and methods based
                  on multi-view discriminant network},
  journal      = {Knowl. Based Syst.},
  volume       = {239},
  pages        = {107992},
  year         = {2022},
  url          = {https://doi.org/10.1016/j.knosys.2021.107992},
  doi          = {10.1016/j.knosys.2021.107992}
}

@inproceedings{unipose,
  author       = {Bruno Artacho and
                  Andreas E. Savakis},
  title        = {UniPose: Unified Human Pose Estimation in Single Images and Videos},
  booktitle    = {2020 {IEEE/CVF} Conference on Computer Vision and Pattern Recognition,
                  {CVPR} 2020, Seattle, WA, USA, June 13-19, 2020},
  pages        = {7033--7042},
  publisher    = {Computer Vision Foundation / {IEEE}},
  year         = {2020},
  url          = {https://openaccess.thecvf.com/content\_CVPR\_2020/html/Artacho\_UniPose\_Unified\_Human\_Pose\_Estimation\_in\_Single\_Images\_and\_Videos\_CVPR\_2020\_paper.html},
  doi          = {10.1109/CVPR42600.2020.00706}
}


@article{hpe-spatial-context,
  author       = {Hong Zhang and
                  Hao Ouyang and
                  Shu Liu and
                  Xiaojuan Qi and
                  Xiaoyong Shen and
                  Ruigang Yang and
                  Jiaya Jia},
  title        = {Human Pose Estimation with Spatial Contextual Information},
  journal      = {CoRR},
  volume       = {abs/1901.01760},
  year         = {2019},
  url          = {http://arxiv.org/abs/1901.01760},
  eprinttype    = {arXiv},
  eprint       = {1901.01760}
}


@inproceedings{simple-baseline-hpe,
  author       = {Bin Xiao and
                  Haiping Wu and
                  Yichen Wei},
  editor       = {Vittorio Ferrari and
                  Martial Hebert and
                  Cristian Sminchisescu and
                  Yair Weiss},
  title        = {Simple Baselines for Human Pose Estimation and Tracking},
  booktitle    = {Computer Vision - {ECCV} 2018 - 15th European Conference, Munich,
                  Germany, September 8-14, 2018, Proceedings, Part {VI}},
  series       = {Lecture Notes in Computer Science},
  volume       = {11210},
  pages        = {472--487},
  publisher    = {Springer},
  year         = {2018},
  url          = {https://doi.org/10.1007/978-3-030-01231-1\_29},
  doi          = {10.1007/978-3-030-01231-1\_29}
}


@inproceedings{distribution-aware-hpe,
  author       = {Feng Zhang and
                  Xiatian Zhu and
                  Hanbin Dai and
                  Mao Ye and
                  Ce Zhu},
  title        = {Distribution-Aware Coordinate Representation for Human Pose Estimation},
  booktitle    = {2020 {IEEE/CVF} Conference on Computer Vision and Pattern Recognition,
                  {CVPR} 2020, Seattle, WA, USA, June 13-19, 2020},
  pages        = {7091--7100},
  publisher    = {Computer Vision Foundation / {IEEE}},
  year         = {2020},
  url          = {https://openaccess.thecvf.com/content\_CVPR\_2020/html/Zhang\_Distribution-Aware\_Coordinate\_Representation\_for\_Human\_Pose\_Estimation\_CVPR\_2020\_paper.html},
  doi          = {10.1109/CVPR42600.2020.00712}
}


@inproceedings{local-rep-hpe,
  author       = {Yuanhao Cai and
                  Zhicheng Wang and
                  Zhengxiong Luo and
                  Binyi Yin and
                  Angang Du and
                  Haoqian Wang and
                  Xiangyu Zhang and
                  Xinyu Zhou and
                  Erjin Zhou and
                  Jian Sun},
  editor       = {Andrea Vedaldi and
                  Horst Bischof and
                  Thomas Brox and
                  Jan{-}Michael Frahm},
  title        = {Learning Delicate Local Representations for Multi-person Pose Estimation},
  booktitle    = {Computer Vision - {ECCV} 2020 - 16th European Conference, Glasgow,
                  UK, August 23-28, 2020, Proceedings, Part {III}},
  series       = {Lecture Notes in Computer Science},
  volume       = {12348},
  pages        = {455--472},
  publisher    = {Springer},
  year         = {2020},
  url          = {https://doi.org/10.1007/978-3-030-58580-8\_27},
  doi          = {10.1007/978-3-030-58580-8\_27}
}


@inproceedings{graph-pcnn,
  author       = {Jian Wang and
                  Xiang Long and
                  Yuan Gao and
                  Errui Ding and
                  Shilei Wen},
  editor       = {Andrea Vedaldi and
                  Horst Bischof and
                  Thomas Brox and
                  Jan{-}Michael Frahm},
  title        = {Graph-PCNN: Two Stage Human Pose Estimation with Graph Pose Refinement},
  booktitle    = {Computer Vision - {ECCV} 2020 - 16th European Conference, Glasgow,
                  UK, August 23-28, 2020, Proceedings, Part {XI}},
  series       = {Lecture Notes in Computer Science},
  volume       = {12356},
  pages        = {492--508},
  publisher    = {Springer},
  year         = {2020},
  url          = {https://doi.org/10.1007/978-3-030-58621-8\_29},
  doi          = {10.1007/978-3-030-58621-8\_29}
}


@inproceedings{posefix,
  author       = {Gyeongsik Moon and
                  Ju Yong Chang and
                  Kyoung Mu Lee},
  title        = {PoseFix: Model-Agnostic General Human Pose Refinement Network},
  booktitle    = {{IEEE} Conference on Computer Vision and Pattern Recognition, {CVPR}
                  2019, Long Beach, CA, USA, June 16-20, 2019},
  pages        = {7773--7781},
  publisher    = {Computer Vision Foundation / {IEEE}},
  year         = {2019},
  url          = {http://openaccess.thecvf.com/content\_CVPR\_2019/html/Moon\_PoseFix\_Model-Agnostic\_General\_Human\_Pose\_Refinement\_Network\_CVPR\_2019\_paper.html},
  doi          = {10.1109/CVPR.2019.00796}
}


@inproceedings{deep-rep-hpe,
  author       = {Ke Sun and
                  Bin Xiao and
                  Dong Liu and
                  Jingdong Wang},
  title        = {Deep High-Resolution Representation Learning for Human Pose Estimation},
  booktitle    = {{IEEE} Conference on Computer Vision and Pattern Recognition, {CVPR}
                  2019, Long Beach, CA, USA, June 16-20, 2019},
  pages        = {5693--5703},
  publisher    = {Computer Vision Foundation / {IEEE}},
  year         = {2019},
  url          = {http://openaccess.thecvf.com/content\_CVPR\_2019/html/Sun\_Deep\_High-Resolution\_Representation\_Learning\_for\_Human\_Pose\_Estimation\_CVPR\_2019\_paper.html},
  doi          = {10.1109/CVPR.2019.00584}
}



@inproceedings{higher-hrnet,
  author       = {Bowen Cheng and
                  Bin Xiao and
                  Jingdong Wang and
                  Honghui Shi and
                  Thomas S. Huang and
                  Lei Zhang},
  title        = {HigherHRNet: Scale-Aware Representation Learning for Bottom-Up Human
                  Pose Estimation},
  booktitle    = {2020 {IEEE/CVF} Conference on Computer Vision and Pattern Recognition,
                  {CVPR} 2020, Seattle, WA, USA, June 13-19, 2020},
  pages        = {5385--5394},
  publisher    = {Computer Vision Foundation / {IEEE}},
  year         = {2020},
  url          = {https://openaccess.thecvf.com/content\_CVPR\_2020/html/Cheng\_HigherHRNet\_Scale-Aware\_Representation\_Learning\_for\_Bottom-Up\_Human\_Pose\_Estimation\_CVPR\_2020\_paper.html},
  doi          = {10.1109/CVPR42600.2020.00543}
}


@inproceedings{dhgg-hpe,
  author       = {Sheng Jin and
                  Wentao Liu and
                  Enze Xie and
                  Wenhai Wang and
                  Chen Qian and
                  Wanli Ouyang and
                  Ping Luo},
  editor       = {Andrea Vedaldi and
                  Horst Bischof and
                  Thomas Brox and
                  Jan{-}Michael Frahm},
  title        = {Differentiable Hierarchical Graph Grouping for Multi-person Pose Estimation},
  booktitle    = {Computer Vision - {ECCV} 2020 - 16th European Conference, Glasgow,
                  UK, August 23-28, 2020, Proceedings, Part {VII}},
  series       = {Lecture Notes in Computer Science},
  volume       = {12352},
  pages        = {718--734},
  publisher    = {Springer},
  year         = {2020},
  url          = {https://doi.org/10.1007/978-3-030-58571-6\_42},
  doi          = {10.1007/978-3-030-58571-6\_42}
}


@inproceedings{single-stage-pose-machine,
  author       = {Xuecheng Nie and
                  Jiashi Feng and
                  Jianfeng Zhang and
                  Shuicheng Yan},
  title        = {Single-Stage Multi-Person Pose Machines},
  booktitle    = {2019 {IEEE/CVF} International Conference on Computer Vision, {ICCV}
                  2019, Seoul, Korea (South), October 27 - November 2, 2019},
  pages        = {6950--6959},
  publisher    = {{IEEE}},
  year         = {2019},
  url          = {https://doi.org/10.1109/ICCV.2019.00705},
  doi          = {10.1109/ICCV.2019.00705}
}


@inproceedings{pifpaf,
  author       = {Sven Kreiss and
                  Lorenzo Bertoni and
                  Alexandre Alahi},
  title        = {PifPaf: Composite Fields for Human Pose Estimation},
  booktitle    = {{IEEE} Conference on Computer Vision and Pattern Recognition, {CVPR}
                  2019, Long Beach, CA, USA, June 16-20, 2019},
  pages        = {11977--11986},
  publisher    = {Computer Vision Foundation / {IEEE}},
  year         = {2019},
  url          = {http://openaccess.thecvf.com/content\_CVPR\_2019/html/Kreiss\_PifPaf\_Composite\_Fields\_for\_Human\_Pose\_Estimation\_CVPR\_2019\_paper.html},
  doi          = {10.1109/CVPR.2019.01225}
}


@inproceedings{i2l-meshnet,
  author       = {Gyeongsik Moon and
                  Kyoung Mu Lee},
  editor       = {Andrea Vedaldi and
                  Horst Bischof and
                  Thomas Brox and
                  Jan{-}Michael Frahm},
  title        = {I2L-MeshNet: Image-to-Lixel Prediction Network for Accurate 3D Human Pose and Mesh Estimation from a Single {RGB} Image},
  booktitle    = {Computer Vision - {ECCV} 2020 - 16th European Conference, Glasgow,
                  UK, August 23-28, 2020, Proceedings, Part {VII}},
  series       = {Lecture Notes in Computer Science},
  volume       = {12352},
  pages        = {752--768},
  publisher    = {Springer},
  year         = {2020},
  url          = {https://doi.org/10.1007/978-3-030-58571-6\_44},
  doi          = {10.1007/978-3-030-58571-6\_44}
}


@inproceedings{depth-suprv-3dhpe,
  author       = {Georgios Pavlakos and
                  Xiaowei Zhou and
                  Kostas Daniilidis},
  title        = {Ordinal Depth Supervision for 3D Human Pose Estimation},
  booktitle    = {2018 {IEEE} Conference on Computer Vision and Pattern Recognition,
                  {CVPR} 2018, Salt Lake City, UT, USA, June 18-22, 2018},
  pages        = {7307--7316},
  publisher    = {Computer Vision Foundation / {IEEE} Computer Society},
  year         = {2018},
  url          = {http://openaccess.thecvf.com/content\_cvpr\_2018/html/Pavlakos\_Ordinal\_Depth\_Supervision\_CVPR\_2018\_paper.html},
  doi          = {10.1109/CVPR.2018.00763}
}


@inproceedings{hierarchical-kinematic,
  author       = {Georgios Georgakis and
                  Ren Li and
                  Srikrishna Karanam and
                  Terrence Chen and
                  Jana Koseck{\'{a}} and
                  Ziyan Wu},
  editor       = {Andrea Vedaldi and
                  Horst Bischof and
                  Thomas Brox and
                  Jan{-}Michael Frahm},
  title        = {Hierarchical Kinematic Human Mesh Recovery},
  booktitle    = {Computer Vision - {ECCV} 2020 - 16th European Conference, Glasgow,
                  UK, August 23-28, 2020, Proceedings, Part {XVII}},
  series       = {Lecture Notes in Computer Science},
  volume       = {12362},
  pages        = {768--784},
  publisher    = {Springer},
  year         = {2020},
  url          = {https://doi.org/10.1007/978-3-030-58520-4\_45},
  doi          = {10.1007/978-3-030-58520-4\_45}
}


@inproceedings{deep-kinematics-3dhpe,
  author       = {Jingwei Xu and
                  Zhenbo Yu and
                  Bingbing Ni and
                  Jiancheng Yang and
                  Xiaokang Yang and
                  Wenjun Zhang},
  title        = {Deep Kinematics Analysis for Monocular 3D Human Pose Estimation},
  booktitle    = {2020 {IEEE/CVF} Conference on Computer Vision and Pattern Recognition,
                  {CVPR} 2020, Seattle, WA, USA, June 13-19, 2020},
  pages        = {896--905},
  publisher    = {Computer Vision Foundation / {IEEE}},
  year         = {2020},
  url          = {https://openaccess.thecvf.com/content\_CVPR\_2020/html/Xu\_Deep\_Kinematics\_Analysis\_for\_Monocular\_3D\_Human\_Pose\_Estimation\_CVPR\_2020\_paper.html},
  doi          = {10.1109/CVPR42600.2020.00098}
}


@article{pandanet,
  author       = {Abdallah Benzine and
                  Florian Chabot and
                  Bertrand Luvison and
                  Quoc Cong Pham and
                  Cahterine Achrd},
  title        = {PandaNet : Anchor-Based Single-Shot Multi-Person 3D Pose Estimation},
  journal      = {CoRR},
  volume       = {abs/2101.02471},
  year         = {2021},
  url          = {https://arxiv.org/abs/2101.02471},
  eprinttype   = {arXiv},
  eprint       = {2101.02471}
}


@inproceedings{camera-distance-aware-3dhpe,
  author       = {Gyeongsik Moon and
                  Ju Yong Chang and
                  Kyoung Mu Lee},
  title        = {Camera Distance-Aware Top-Down Approach for 3D Multi-Person Pose Estimation
                  From a Single {RGB} Image},
  booktitle    = {2019 {IEEE/CVF} International Conference on Computer Vision, {ICCV}
                  2019, Seoul, Korea (South), October 27 - November 2, 2019},
  pages        = {10132--10141},
  publisher    = {{IEEE}},
  year         = {2019},
  url          = {https://doi.org/10.1109/ICCV.2019.01023},
  doi          = {10.1109/ICCV.2019.01023}
}


@article{mehta-xnect,
  author       = {Dushyant Mehta and
                  Oleksandr Sotnychenko and
                  Franziska Mueller and
                  Weipeng Xu and
                  Mohamed Elgharib and
                  Pascal Fua and
                  Hans{-}Peter Seidel and
                  Helge Rhodin and
                  Gerard Pons{-}Moll and
                  Christian Theobalt},
  title        = {XNect: real-time multi-person 3D motion capture with a single {RGB}
                  camera},
  journal      = {{ACM} Trans. Graph.},
  volume       = {39},
  number       = {4},
  pages        = {82},
  year         = {2020},
  url          = {https://doi.org/10.1145/3386569.3392410},
  doi          = {10.1145/3386569.3392410}
}



@inproceedings{benchmarking-error,
  author       = {Matteo Ruggero Ronchi and
                  Pietro Perona},
  title        = {Benchmarking and Error Diagnosis in Multi-instance Pose Estimation},
  booktitle    = {{IEEE} International Conference on Computer Vision, {ICCV} 2017, Venice,
                  Italy, October 22-29, 2017},
  pages        = {369--378},
  publisher    = {{IEEE} Computer Society},
  year         = {2017},
  url          = {https://doi.org/10.1109/ICCV.2017.48},
  doi          = {10.1109/ICCV.2017.48}
}



@inproceedings{convolutional-heatmap-regression,
  author       = {Adrian Bulat and
                  Georgios Tzimiropoulos},
  editor       = {Bastian Leibe and
                  Jiri Matas and
                  Nicu Sebe and
                  Max Welling},
  title        = {Human Pose Estimation via Convolutional Part Heatmap Regression},
  booktitle    = {Computer Vision - {ECCV} 2016 - 14th European Conference, Amsterdam,
                  The Netherlands, October 11-14, 2016, Proceedings, Part {VII}},
  series       = {Lecture Notes in Computer Science},
  volume       = {9911},
  pages        = {717--732},
  publisher    = {Springer},
  year         = {2016},
  url          = {https://doi.org/10.1007/978-3-319-46478-7\_44},
  doi          = {10.1007/978-3-319-46478-7\_44}
}


@article{3dhpe-prior-knowledge,
  author       = {Lei Zhang and
                  Shu Chen and
                  Beiji Zou},
  title        = {Estimation of 3D human pose using prior knowledge},
  journal      = {J. Electronic Imaging},
  volume       = {30},
  number       = {4},
  year         = {2021},
  url          = {https://doi.org/10.1117/1.jei.30.4.040502},
  doi          = {10.1117/1.jei.30.4.040502}
}


@inproceedings{b46,
  author       = {Dario Pavllo and
                  Christoph Feichtenhofer and
                  David Grangier and
                  Michael Auli},
  title        = {3D Human Pose Estimation in Video With Temporal Convolutions and Semi-Supervised
                  Training},
  booktitle    = {{IEEE} Conference on Computer Vision and Pattern Recognition, {CVPR}
                  2019, Long Beach, CA, USA, June 16-20, 2019},
  pages        = {7753--7762},
  publisher    = {Computer Vision Foundation / {IEEE}},
  year         = {2019},
  url          = {http://openaccess.thecvf.com/content\_CVPR\_2019/html/Pavllo\_3D\_Human\_Pose\_Estimation\_in\_Video\_With\_Temporal\_Convolutions\_and\_CVPR\_2019\_paper.html},
  doi          = {10.1109/CVPR.2019.00794}
}


@article{anatomy-aware-3dhpe,
  author       = {Tianlang Chen and
                  Chen Fang and
                  Xiaohui Shen and
                  Yiheng Zhu and
                  Zhili Chen and
                  Jiebo Luo},
  title        = {Anatomy-Aware 3D Human Pose Estimation With Bone-Based Pose Decomposition},
  journal      = {{IEEE} Trans. Circuits Syst. Video Technol.},
  volume       = {32},
  number       = {1},
  pages        = {198--209},
  year         = {2022},
  url          = {https://doi.org/10.1109/TCSVT.2021.3057267},
  doi          = {10.1109/TCSVT.2021.3057267}
}



@inproceedings{3dhpe-matching,
  author       = {Ching{-}Hang Chen and
                  Deva Ramanan},
  title        = {3D Human Pose Estimation = 2D Pose Estimation + Matching},
  booktitle    = {2017 {IEEE} Conference on Computer Vision and Pattern Recognition,
                  {CVPR} 2017, Honolulu, HI, USA, July 21-26, 2017},
  pages        = {5759--5767},
  publisher    = {{IEEE} Computer Society},
  year         = {2017},
  url          = {https://doi.org/10.1109/CVPR.2017.610},
  doi          = {10.1109/CVPR.2017.610}
}


@inproceedings{3dhpe-inthewild,
  author       = {Ikhsanul Habibie and
                  Weipeng Xu and
                  Dushyant Mehta and
                  Gerard Pons{-}Moll and
                  Christian Theobalt},
  title        = {In the Wild Human Pose Estimation Using Explicit 2D Features and Intermediate
                  3D Representations},
  booktitle    = {{IEEE} Conference on Computer Vision and Pattern Recognition, {CVPR}
                  2019, Long Beach, CA, USA, June 16-20, 2019},
  pages        = {10905--10914},
  publisher    = {Computer Vision Foundation / {IEEE}},
  year         = {2019},
  url          = {http://openaccess.thecvf.com/content\_CVPR\_2019/html/Habibie\_In\_the\_Wild\_Human\_Pose\_Estimation\_Using\_Explicit\_2D\_Features\_CVPR\_2019\_paper.html},
  doi          = {10.1109/CVPR.2019.01116}
}



@techreport{ansur1,
  title={Anthropometric survey of US army personnel: methods and summary statistics 1988},
  author={Gordon, Claire C and Churchill, Thomas and Clauser, Charles E and Bradtmiller, Bruce and McConville, John T},
  year={1989},
  institution={Anthropology Research Project Inc Yellow Springs OH},
  url ={https://www.openlab.psu.edu/ansur/}
}



@techreport{ansur2,
  title={Measurer's Handbook: US Army and Marine Corps Anthropometric Surveys, 2010-2011},
  author={Hotzman, Jennifer and Gordon, Claire C and Bradtmiller, Bruce and Corner, Brian D and Mucher, Michael and Kristensen, Shirley and Paquette, Steven and Blackwell, Cynthia L},
  year={2011},
  institution={Army Natick Soldier Research Development and Engineering Center MA},
  url ={https://www.openlab.psu.edu/ansur2/}
}


@article{nhanes,
  title={Anthropometric reference data for children and adults; United States, 2011-2014},
  author={Fryar, Cheryl D and Gu, Qiuping and Ogden, Cynthia L and Flegal, Katherine M},
  year={2016},
  url={https://www.openlab.psu.edu/nhanes/}
}

@techreport{ansur2,
  title={Measurer's Handbook: US Army and Marine Corps Anthropometric Surveys, 2010-2011},
  author={Hotzman, Jennifer and Gordon, Claire C and Bradtmiller, Bruce and Corner, Brian D and Mucher, Michael and Kristensen, Shirley and Paquette, Steven and Blackwell, Cynthia L},
  year={2011},
  institution={Army Natick Soldier Research Development and Engineering Center MA}
}

@misc{dined,
  doi = {10.4121/UUID:1B214A8F-F59C-460F-8EB9-3EF8DB5E85EE},
  url = {https://data.4tu.nl/articles/_/12681494/1},
  author = {Dirken, J.M. and Steenbekkers, L.P.A. and Daanen,  and Voorbij, A.I.M. and Molenbroek, J.F.M. (Johan)},
  keywords = {Anthropology, FOS: Sociology, Medical Physiology, FOS: Basic medicine, Anthropometry, Collection: DINED - anthropometric database, DINED, Time: 1993/2004},
  language = {en},
  title = {Dutch adults (DINED - anthropometric database)},
  publisher = {4TU.Centre for Research Data},
  year = {2018},
  copyright = {Creative Commons Attribution Non Commercial 4.0 International}
}


@misc{niosh,
  url = {https://www.cdc.gov/niosh/data/datasets/rd-1008-2016-0/default.html},
  author = {David N. Weissman, Lewis Radonovich},
  title = {Anthropometric Database for the EMTs in the United States},
  publisher = {The National Institute for Occupational Safety and Health (NIOSH)},
  year = {2016},
}

@article{human36m,
  author       = {Catalin Ionescu and
                  Dragos Papava and
                  Vlad Olaru and
                  Cristian Sminchisescu},
  title        = {Human3.6M: Large Scale Datasets and Predictive Methods for 3D Human
                  Sensing in Natural Environments},
  journal      = {{IEEE} Trans. Pattern Anal. Mach. Intell.},
  volume       = {36},
  number       = {7},
  pages        = {1325--1339},
  year         = {2014},
  url          = {https://doi.org/10.1109/TPAMI.2013.248},
  doi          = {10.1109/TPAMI.2013.248}
}

@inproceedings{human36m2,
author = {Catalin Ionescu, Fuxin Li, Cristian Sminchisescu},
title = {Latent Structured Models for Human Pose Estimation},
booktitle = {International Conference on Computer Vision},
year = {2011}
}



@inproceedings{mpi-inf-3dhp,
  author       = {Dushyant Mehta and
                  Helge Rhodin and
                  Dan Casas and
                  Pascal Fua and
                  Oleksandr Sotnychenko and
                  Weipeng Xu and
                  Christian Theobalt},
  title        = {Monocular 3D Human Pose Estimation in the Wild Using Improved {CNN}
                  Supervision},
  booktitle    = {2017 International Conference on 3D Vision, 3DV 2017, Qingdao, China,
                  October 10-12, 2017},
  pages        = {506--516},
  publisher    = {{IEEE} Computer Society},
  year         = {2017},
  url          = {https://doi.org/10.1109/3DV.2017.00064},
  doi          = {10.1109/3DV.2017.00064}
}



@inproceedings{b64,
  author       = {Xiaowei Zhou and
                  Menglong Zhu and
                  Spyridon Leonardos and
                  Konstantinos G. Derpanis and
                  Kostas Daniilidis},
  title        = {Sparseness Meets Deepness: 3D Human Pose Estimation from Monocular
                  Video},
  booktitle    = {2016 {IEEE} Conference on Computer Vision and Pattern Recognition,
                  {CVPR} 2016, Las Vegas, NV, USA, June 27-30, 2016},
  pages        = {4966--4975},
  publisher    = {{IEEE} Computer Society},
  year         = {2016},
  url          = {https://doi.org/10.1109/CVPR.2016.537},
  doi          = {10.1109/CVPR.2016.537}
}




@inproceedings{hemlets-pose,
  author       = {Kun Zhou and
                  Xiaoguang Han and
                  Nianjuan Jiang and
                  Kui Jia and
                  Jiangbo Lu},
  title        = {HEMlets Pose: Learning Part-Centric Heatmap Triplets for Accurate
                  3D Human Pose Estimation},
  booktitle    = {2019 {IEEE/CVF} International Conference on Computer Vision, {ICCV}
                  2019, Seoul, Korea (South), October 27 - November 2, 2019},
  pages        = {2344--2353},
  publisher    = {{IEEE}},
  year         = {2019},
  url          = {https://doi.org/10.1109/ICCV.2019.00243},
  doi          = {10.1109/ICCV.2019.00243}
}



@inproceedings{mhformer,
  author       = {Li Wenhao and
                  Hong Liu and
                  Hao Tang and
                  Pichao Wang and
                  Luc Van Gool},
  title        = {MHFormer: Multi-Hypothesis Transformer for 3D Human Pose Estimation},
  booktitle    = {{IEEE/CVF} Conference on Computer Vision and Pattern Recognition,
                  {CVPR} 2022, New Orleans, LA, USA, June 18-24, 2022},
  pages        = {13137--13146},
  publisher    = {{IEEE}},
  year         = {2022},
  url          = {https://doi.org/10.1109/CVPR52688.2022.01280},
  doi          = {10.1109/CVPR52688.2022.01280}
}






@Article{spatio-tempotal-tformer,
AUTHOR = {Wang, Haijian and Shi, Qingxuan and Shan, Beiguang},
TITLE = {Three-Dimensional Human Pose Estimation with Spatial-Temporal Interaction Enhancement Transformer},
JOURNAL = {Applied Sciences},
VOLUME = {13},
YEAR = {2023},
NUMBER = {8},
ARTICLE-NUMBER = {5093},
URL = {https://www.mdpi.com/2076-3417/13/8/5093},
ISSN = {2076-3417},
DOI = {10.3390/app13085093}
}



@inproceedings{uplifting-tformer,
  author       = {Moritz Einfalt and
                  Katja Ludwig and
                  Rainer Lienhart},
  title        = {Uplift and Upsample: Efficient 3D Human Pose Estimation with Uplifting
                  Transformers},
  booktitle    = {{IEEE/CVF} Winter Conference on Applications of Computer Vision, {WACV}
                  2023, Waikoloa, HI, USA, January 2-7, 2023},
  pages        = {2902--2912},
  publisher    = {{IEEE}},
  year         = {2023},
  url          = {https://doi.org/10.1109/WACV56688.2023.00292},
  doi          = {10.1109/WACV56688.2023.00292}
}



@article{pose-oriented-tformer,
  author       = {Han Li and
                  Bowen Shi and
                  Wenrui Dai and
                  Hongwei Zheng and
                  Botao Wang and
                  Yu Sun and
                  Min Guo and
                  Chenglin Li and
                  Junni Zou and
                  Hongkai Xiong},
  title        = {Pose-Oriented Transformer with Uncertainty-Guided Refinement for 2D-to-3D
                  Human Pose Estimation},
  journal      = {CoRR},
  volume       = {abs/2302.07408},
  year         = {2023},
  url          = {https://doi.org/10.48550/arXiv.2302.07408},
  doi          = {10.48550/arXiv.2302.07408},
  eprinttype    = {arXiv},
  eprint       = {2302.07408}
}



@article{crossformer,
  author       = {Mohammed Hassanin and
                  Abdelwahed Khamiss and
                  Mohammed Bennamoun and
                  Farid Boussa{\"{\i}}d and
                  Ibrahim Radwan},
  title        = {CrossFormer: Cross Spatio-Temporal Transformer for 3D Human Pose Estimation},
  journal      = {CoRR},
  volume       = {abs/2203.13387},
  year         = {2022},
  url          = {https://doi.org/10.48550/arXiv.2203.13387},
  doi          = {10.48550/arXiv.2203.13387},
  eprinttype    = {arXiv},
  eprint       = {2203.13387}
}



@article{evopose,
  author       = {Yaqi Zhang and
                  Yan Lu and
                  Bin Liu and
                  Zhiwei Zhao and
                  Qi Chu and
                  Nenghai Yu},
  title        = {{EVOPOSE:} {A} Recursive Transformer For 3D Human Pose Estimation
                  With Kinematic Structure Priors},
  journal      = {CoRR},
  volume       = {abs/2306.09615},
  year         = {2023},
  url          = {https://doi.org/10.48550/arXiv.2306.09615},
  doi          = {10.48550/arXiv.2306.09615},
  eprinttype    = {arXiv},
  eprint       = {2306.09615}
}



@article{poseformerv2,
  author       = {Qitao Zhao and
                  Ce Zheng and
                  Mengyuan Liu and
                  Pichao Wang and
                  Chen Chen},
  title        = {PoseFormerV2: Exploring Frequency Domain for Efficient and Robust
                  3D Human Pose Estimation},
  journal      = {CoRR},
  volume       = {abs/2303.17472},
  year         = {2023},
  url          = {https://doi.org/10.48550/arXiv.2303.17472},
  doi          = {10.48550/arXiv.2303.17472},
  eprinttype    = {arXiv},
  eprint       = {2303.17472}
}


@inproceedings{e2e-multi-hpe-tformer,
  author       = {Dahu Shi and
                  Xing Wei and
                  Liangqi Li and
                  Ye Ren and
                  Wenming Tan},
  title        = {End-to-End Multi-Person Pose Estimation with Transformers},
  booktitle    = {{IEEE/CVF} Conference on Computer Vision and Pattern Recognition,
                  {CVPR} 2022, New Orleans, LA, USA, June 18-24, 2022},
  pages        = {11059--11068},
  publisher    = {{IEEE}},
  year         = {2022},
  url          = {https://doi.org/10.1109/CVPR52688.2022.01079},
  doi          = {10.1109/CVPR52688.2022.01079}
}


@inproceedings{pe-former,
  author       = {Paschalis Panteleris and
                  Antonis A. Argyros},
  editor       = {Mounim A. El{-}Yacoubi and
                  Eric Granger and
                  Pong Chi Yuen and
                  Umapada Pal and
                  Nicole Vincent},
  title        = {PE-former: Pose Estimation Transformer},
  booktitle    = {Pattern Recognition and Artificial Intelligence - Third International
                  Conference, {ICPRAI} 2022, Paris, France, June 1-3, 2022, Proceedings,
                  Part {II}},
  series       = {Lecture Notes in Computer Science},
  volume       = {13364},
  pages        = {3--14},
  publisher    = {Springer},
  year         = {2022},
  url          = {https://doi.org/10.1007/978-3-031-09282-4\_1},
  doi          = {10.1007/978-3-031-09282-4\_1}
}



@inproceedings{posegtac,
  author       = {Yiran Zhu and
                  Xing Xu and
                  Fumin Shen and
                  Yanli Ji and
                  Lianli Gao and
                  Heng Tao Shen},
  editor       = {Zhi{-}Hua Zhou},
  title        = {PoseGTAC: Graph Transformer Encoder-Decoder with Atrous Convolution
                  for 3D Human Pose Estimation},
  booktitle    = {Proceedings of the Thirtieth International Joint Conference on Artificial
                  Intelligence, {IJCAI} 2021, Virtual Event / Montreal, Canada, 19-27
                  August 2021},
  pages        = {1359--1365},
  publisher    = {ijcai.org},
  year         = {2021},
  url          = {https://doi.org/10.24963/ijcai.2021/188},
  doi          = {10.24963/ijcai.2021/188}
}




@inproceedings{vitpose,
  author       = {Yufei Xu and
                  Jing Zhang and
                  Qiming Zhang and
                  Dacheng Tao},
  title        = {ViTPose: Simple Vision Transformer Baselines for Human Pose Estimation},
  booktitle    = {NeurIPS},
  year         = {2022}
}



@article{vit-patch-selection,
  author       = {Kaleab Alemayehu Kinfu and
                  Ren{\'{e}} Vidal},
  title        = {Efficient Vision Transformer for Human Pose Estimation via Patch Selection},
  journal      = {CoRR},
  volume       = {abs/2306.04225},
  year         = {2023},
  url          = {https://doi.org/10.48550/arXiv.2306.04225},
  doi          = {10.48550/arXiv.2306.04225},
  eprinttype    = {arXiv},
  eprint       = {2306.04225}
}






@inproceedings{lightweight-3dhpe,
  author       = {Dong{-}Hyun Hwang and
                  Suntae Kim and
                  Nicolas Monet and
                  Hideki Koike and
                  Soonmin Bae},
  title        = {Lightweight 3D Human Pose Estimation Network Training Using Teacher-Student
                  Learning},
  booktitle    = {{IEEE} Winter Conference on Applications of Computer Vision, {WACV}
                  2020, Snowmass Village, CO, USA, March 1-5, 2020},
  pages        = {468--477},
  publisher    = {{IEEE}},
  year         = {2020},
  url          = {https://doi.org/10.1109/WACV45572.2020.9093595},
  doi          = {10.1109/WACV45572.2020.9093595}
}

@inproceedings{mscoco,
  author       = {Tsung-Yi Lin and
                  Michael Maire and
                  Serge J. Belongie and
                  James Hays and
                  Pietro Perona and
                  Deva Ramanan and
                  Piotr Doll{\'{a}}r and
                  C. Lawrence Zitnick},
  editor       = {David J. Fleet and
                  Tom{\'{a}}s Pajdla and
                  Bernt Schiele and
                  Tinne Tuytelaars},
  title        = {Microsoft {COCO:} Common Objects in Context},
  booktitle    = {Computer Vision - {ECCV} 2014 - 13th European Conference, Zurich,
                  Switzerland, September 6-12, 2014, Proceedings, Part {V}},
  series       = {Lecture Notes in Computer Science},
  volume       = {8693},
  pages        = {740--755},
  publisher    = {Springer},
  year         = {2014},
  url          = {https://doi.org/10.1007/978-3-319-10602-1\_48},
  doi          = {10.1007/978-3-319-10602-1\_48}
}

@inproceedings{mpii,
  author       = {Mykhaylo Andriluka and
                  Leonid Pishchulin and
                  Peter V. Gehler and
                  Bernt Schiele},
  title        = {2D Human Pose Estimation: New Benchmark and State of the Art Analysis},
  booktitle    = {2014 {IEEE} Conference on Computer Vision and Pattern Recognition,
                  {CVPR} 2014, Columbus, OH, USA, June 23-28, 2014},
  pages        = {3686--3693},
  publisher    = {{IEEE} Computer Society},
  year         = {2014},
  url          = {https://doi.org/10.1109/CVPR.2014.471},
  doi          = {10.1109/CVPR.2014.471}
}


@article{diffupose,
  author       = {Jeongjun Choi and
                  Dongseok Shim and
                  H. Jin Kim},
  title        = {DiffuPose: Monocular 3D Human Pose Estimation via Denoising Diffusion
                  Probabilistic Model},
  journal      = {CoRR},
  volume       = {abs/2212.02796},
  year         = {2022},
  url          = {https://doi.org/10.48550/arXiv.2212.02796},
  doi          = {10.48550/arXiv.2212.02796},
  eprinttype    = {arXiv},
  eprint       = {2212.02796}
}


@article{bai-dcn-3dhpe,
  author       = {Guihu Bai and
                  Yanmin Luo and
                  Xueliang Pan and
                  Youjie Wang and
                  Jia Wang and
                  Jing{-}Ming Guo},
  title        = {Double chain networks for monocular 3D human pose estimation},
  journal      = {Image Vis. Comput.},
  volume       = {123},
  pages        = {104452},
  year         = {2022},
  url          = {https://doi.org/10.1016/j.imavis.2022.104452},
  doi          = {10.1016/j.imavis.2022.104452}
}

@article{bai-3dhpe-skeletal,
  author       = {Guihu Bai and
                  Yanmin Luo and
                  Xueliang Pan and
                  Jia Wang and
                  Jing{-}Ming Guo},
  title        = {Real-time 3D human pose estimation without skeletal a priori structures},
  journal      = {Image Vis. Comput.},
  volume       = {132},
  pages        = {104649},
  year         = {2023},
  url          = {https://doi.org/10.1016/j.imavis.2023.104649},
  doi          = {10.1016/j.imavis.2023.104649}
}

@article{p2p-meshnet,
  author       = {Xiaoyan Zhang and
                  Zhengchun Zhou and
                  Ying Han and
                  Hua Meng and
                  Meng Yang and
                  Sutharshan Rajasegarar},
  title        = {Deep learning-based real-time 3D human pose estimation},
  journal      = {Eng. Appl. Artif. Intell.},
  volume       = {119},
  pages        = {105813},
  year         = {2023},
  url          = {https://doi.org/10.1016/j.engappai.2022.105813},
  doi          = {10.1016/j.engappai.2022.105813}
}

@article{skeleton-pose,
  author       = {Shu Chen and
                  Yaxin Xu and
                  Zhengdong Pu and
                  Jianquan Ouyang and
                  Beiji Zou},
  title        = {SkeletonPose: Exploiting human skeleton constraint for 3D human pose
                  estimation},
  journal      = {Knowl. Based Syst.},
  volume       = {255},
  pages        = {109691},
  year         = {2022},
  url          = {https://doi.org/10.1016/j.knosys.2022.109691},
  doi          = {10.1016/j.knosys.2022.109691}
}

@article{yang-hpm-gnet,
  author       = {Honghong Yang and
                  Hongxi Liu and
                  Yumei Zhang and
                  Xiaojun Wu},
  title        = {Hierarchical parallel multi-scale graph network for 3d human pose
                  estimation},
  journal      = {Appl. Soft Comput.},
  volume       = {140},
  pages        = {110267},
  year         = {2023},
  url          = {https://doi.org/10.1016/j.asoc.2023.110267},
  doi          = {10.1016/j.asoc.2023.110267},
  timestamp    = {Fri, 02 Jun 2023 21:22:54 +0200},
  biburl       = {https://dblp.org/rec/journals/asc/YangLZW23.bib},
  bibsource    = {dblp computer science bibliography, https://dblp.org}
}


@article{qiu-weak-super-3dhpe,
  author       = {Zhongwei Qiu and
                  Kai Qiu and
                  Jianlong Fu and
                  Dongmei Fu},
  title        = {Weakly-supervised pre-training for 3D human pose estimation via perspective
                  knowledge},
  journal      = {Pattern Recognit.},
  volume       = {139},
  pages        = {109497},
  year         = {2023},
  url          = {https://doi.org/10.1016/j.patcog.2023.109497},
  doi          = {10.1016/j.patcog.2023.109497}
}

@inproceedings{reddy-tesse-track,
  author       = {N. Dinesh Reddy and
                  Laurent Guigues and
                  Leonid Pishchulin and
                  Jayan Eledath and
                  Srinivasa G. Narasimhan},
  title        = {TesseTrack: End-to-End Learnable Multi-Person Articulated 3D Pose
                  Tracking},
  booktitle    = {{IEEE} Conference on Computer Vision and Pattern Recognition, {CVPR}
                  2021, virtual, June 19-25, 2021},
  pages        = {15190--15200},
  publisher    = {Computer Vision Foundation / {IEEE}},
  year         = {2021},
  url          = {https://openaccess.thecvf.com/content/CVPR2021/html/Reddy\_TesseTrack\_End-to-End\_Learnable\_Multi-Person\_Articulated\_3D\_Pose\_Tracking\_CVPR\_2021\_paper.html},
  doi          = {10.1109/CVPR46437.2021.01494}
}


@inproceedings{shan-improve-robust,
  author       = {Wenkang Shan and
                  Haopeng Lu and
                  Shanshe Wang and
                  Xinfeng Zhang and
                  Wen Gao},
  editor       = {Heng Tao Shen and
                  Yueting Zhuang and
                  John R. Smith and
                  Yang Yang and
                  Pablo C{\'{e}}sar and
                  Florian Metze and
                  Balakrishnan Prabhakaran},
  title        = {Improving Robustness and Accuracy via Relative Information Encoding
                  in 3D Human Pose Estimation},
  booktitle    = {{MM} '21: {ACM} Multimedia Conference, Virtual Event, China, October
                  20 - 24, 2021},
  pages        = {3446--3454},
  publisher    = {{ACM}},
  year         = {2021},
  url          = {https://doi.org/10.1145/3474085.3475504},
  doi          = {10.1145/3474085.3475504}
}

@inproceedings{zheng-poseformerv1,
  author       = {Ce Zheng and
                  Sijie Zhu and
                  Mat{\'{\i}}as Mendieta and
                  Taojiannan Yang and
                  Chen Chen and
                  Zhengming Ding},
  title        = {3D Human Pose Estimation with Spatial and Temporal Transformers},
  booktitle    = {2021 {IEEE/CVF} International Conference on Computer Vision, {ICCV}
                  2021, Montreal, QC, Canada, October 10-17, 2021},
  pages        = {11636--11645},
  publisher    = {{IEEE}},
  year         = {2021},
  url          = {https://doi.org/10.1109/ICCV48922.2021.01145},
  doi          = {10.1109/ICCV48922.2021.01145}
}

@inproceedings{hu-conditional-gcn,
  author       = {Wenbo Hu and
                  Changgong Zhang and
                  Fangneng Zhan and
                  Lei Zhang and
                  Tien{-}Tsin Wong},
  editor       = {Heng Tao Shen and
                  Yueting Zhuang and
                  John R. Smith and
                  Yang Yang and
                  Pablo C{\'{e}}sar and
                  Florian Metze and
                  Balakrishnan Prabhakaran},
  title        = {Conditional Directed Graph Convolution for 3D Human Pose Estimation},
  booktitle    = {{MM} '21: {ACM} Multimedia Conference, Virtual Event, China, October
                  20 - 24, 2021},
  pages        = {602--611},
  publisher    = {{ACM}},
  year         = {2021},
  url          = {https://doi.org/10.1145/3474085.3475219},
  doi          = {10.1145/3474085.3475219}
}

@inproceedings{xu-graph-stacked,
  author       = {Tianhan Xu and
                  Wataru Takano},
  title        = {Graph Stacked Hourglass Networks for 3D Human Pose Estimation},
  booktitle    = {{IEEE} Conference on Computer Vision and Pattern Recognition, {CVPR}
                  2021, virtual, June 19-25, 2021},
  pages        = {16105--16114},
  publisher    = {Computer Vision Foundation / {IEEE}},
  year         = {2021},
  url          = {https://openaccess.thecvf.com/content/CVPR2021/html/Xu\_Graph\_Stacked\_Hourglass\_Networks\_for\_3D\_Human\_Pose\_Estimation\_CVPR\_2021\_paper.html},
  doi          = {10.1109/CVPR46437.2021.01584}
}

@inproceedings{zou-modulated-gcn,
  author       = {Zhiming Zou and
                  Wei Tang},
  title        = {Modulated Graph Convolutional Network for 3D Human Pose Estimation},
  booktitle    = {2021 {IEEE/CVF} International Conference on Computer Vision, {ICCV}
                  2021, Montreal, QC, Canada, October 10-17, 2021},
  pages        = {11457--11467},
  publisher    = {{IEEE}},
  year         = {2021},
  url          = {https://doi.org/10.1109/ICCV48922.2021.01128},
  doi          = {10.1109/ICCV48922.2021.01128}
}

@article{li-strided-tformer,
  author       = {Li Wenhao and
                  Hong Liu and
                  Runwei Ding and
                  Mengyuan Liu and
                  Pichao Wang and
                  Wenming Yang},
  title        = {Exploiting Temporal Contexts With Strided Transformer for 3D Human
                  Pose Estimation},
  journal      = {{IEEE} Trans. Multim.},
  volume       = {25},
  pages        = {1282--1293},
  year         = {2023},
  url          = {https://doi.org/10.1109/TMM.2022.3141231},
  doi          = {10.1109/TMM.2022.3141231}
}

@article{wenhao-mhformerv2,
  author       = {Li Wenhao and
                  Hong Liu and
                  Hao Tang and
                  Pichao Wang},
  title        = {Multi-hypothesis representation learning for transformer-based 3D
                  human pose estimation},
  journal      = {Pattern Recognit.},
  volume       = {141},
  pages        = {109631},
  year         = {2023},
  url          = {https://doi.org/10.1016/j.patcog.2023.109631},
  doi          = {10.1016/j.patcog.2023.109631}
}


@inproceedings{kocabas-vibe,
  author       = {Muhammed Kocabas and
                  Nikos Athanasiou and
                  Michael J. Black},
  title        = {{VIBE:} Video Inference for Human Body Pose and Shape Estimation},
  booktitle    = {2020 {IEEE/CVF} Conference on Computer Vision and Pattern Recognition,
                  {CVPR} 2020, Seattle, WA, USA, June 13-19, 2020},
  pages        = {5252--5262},
  publisher    = {Computer Vision Foundation / {IEEE}},
  year         = {2020},
  url          = {https://openaccess.thecvf.com/content\_CVPR\_2020/html/Kocabas\_VIBE\_Video\_Inference\_for\_Human\_Body\_Pose\_and\_Shape\_Estimation\_CVPR\_2020\_paper.html},
  doi          = {10.1109/CVPR42600.2020.00530}
}
@inproceedings{wehrbein-probabilistic,
  author       = {Tom Wehrbein and
                  Marco Rudolph and
                  Bodo Rosenhahn and
                  Bastian Wandt},
  title        = {Probabilistic Monocular 3D Human Pose Estimation with Normalizing
                  Flows},
  booktitle    = {2021 {IEEE/CVF} International Conference on Computer Vision, {ICCV}
                  2021, Montreal, QC, Canada, October 10-17, 2021},
  pages        = {11179--11188},
  publisher    = {{IEEE}},
  year         = {2021},
  url          = {https://doi.org/10.1109/ICCV48922.2021.01101},
  doi          = {10.1109/ICCV48922.2021.01101}
}

@inproceedings{ma-context,
  author       = {Xiaoxuan Ma and
                  Jiajun Su and
                  Chunyu Wang and
                  Hai Ci and
                  Yizhou Wang},
  title        = {Context Modeling in 3D Human Pose Estimation: {A} Unified Perspective},
  booktitle    = {{IEEE} Conference on Computer Vision and Pattern Recognition, {CVPR}
                  2021, virtual, June 19-25, 2021},
  pages        = {6238--6247},
  publisher    = {Computer Vision Foundation / {IEEE}},
  year         = {2021},
  url          = {https://openaccess.thecvf.com/content/CVPR2021/html/Ma\_Context\_Modeling\_in\_3D\_Human\_Pose\_Estimation\_A\_Unified\_Perspective\_CVPR\_2021\_paper.html},
  doi          = {10.1109/CVPR46437.2021.00617}
}


@inproceedings{spgf-occlusion-augment,
  author       = {Soubarna Banik and
                  Patricia Gscho{\ss}mann and
                  Alejandro Mendoza Garc{\'{\i}}a and
                  Alois Knoll},
  title        = {Occlusion Robust 3D Human Pose Estimation with StridedPoseGraphFormer
                  and Data Augmentation},
  booktitle    = {International Joint Conference on Neural Networks, {IJCNN} 2023, Gold
                  Coast, Australia, June 18-23, 2023},
  pages        = {1--8},
  publisher    = {{IEEE}},
  year         = {2023},
  url          = {https://doi.org/10.1109/IJCNN54540.2023.10191355},
  doi          = {10.1109/IJCNN54540.2023.10191355}
}

@article{conv-former,
  author       = {Alec Diaz{-}Arias and
                  Dmitriy Shin},
  title        = {ConvFormer: Parameter Reduction in Transformer Models for 3D Human
                  Pose Estimation by Leveraging Dynamic Multi-Headed Convolutional Attention},
  journal      = {CoRR},
  volume       = {abs/2304.02147},
  year         = {2023},
  url          = {https://doi.org/10.48550/arXiv.2304.02147},
  doi          = {10.48550/arXiv.2304.02147}
}



